3114 4994
697 497 756 563 121

183 653 354 714 indicativis
375 653 409 712 in
431 673 455 712 5
477 672 574 732 neque
596 673 661 713 cum
676 653 812 713 Hirzslio
834 673 873 713 ex
890 653 1027 730 analogia
1040 654 1137 730 repeti
1151 655 1268 730 debent,

185 775 341 833 perperam
363 755 570 836 antiquitatem
591 755 777 816 formationis
797 755 835 814 ab
850 755 974 814 Aeolide
993 756 1183 817 detrectatum
1205 775 1268 817 esse

185 857 333 917 existimo.
377 857 497 917 Scilicet
511 839 662 938 antiquior
683 857 785 918 suffixi
806 859 886 937 quod
900 857 989 932 vulgo
1010 857 1069 916 fuit
1082 877 1136 918 vas
1153 859 1203 919 vel
1219 864 1270 918 rat

185 960 281 1018 forma
308 957 382 1020 vdns
408 958 458 1020 vel
484 965 557 1019 vant
586 959 626 1035 (v.
647 961 740 1036 Bopp.
761 958 787 1038 ἓ.
805 963 873 1018 538.
896 978 925 1036 p.
941 965 1011 1018 360.
1032 960 1100 1021 137.
1130 961 1214 1021 Ebol.
1236 960 1270 1019 in

186 1062 288 1120 115115.
311 1081 378 1120 555.
399 1062 423 1122 l.
445 1081 475 1138 p.
492 1066 562 1120 298.
592 1060 698 1122 Christ.
717 1082 746 1138 p.
763 1057 865 1142 acolt.
888 1062 972 1121 'curt
989 1061 1071 1121 Stud.
1088 1063 1128 1120 11.
1151 1083 1181 1139 p.
1200 1063 1269 1122 171.

190 1164 259 1224 174.
288 1162 347 1222 Erl.
361 1183 395 1242 p.
408 1168 459 1244 54ι
479 1164 636 1238 Brugman.
655 1163 738 1224 Stud.
755 1163 807 1221 IV.
825 1182 854 1240 p.
869 1162 941 1241 129)
962 1164 995 1222 in
1013 1163 1137 1223 Aeolide
1154 1169 1271 1224 retenta

187 1247 277 1344 atque
290 1265 323 1323 in
337 1283 393 1324 -uv
408 1265 509 1325 littera
522 1264 605 1324 finali
619 1267 735 1326 abiecta
748 1269 943 1325 transmutata
956 1267 1083 1339 videtur,
1101 1285 1177 1346 quae
1191 1266 1269 1326 ratio

185 1367 219 1426 in
240 1368 296 1427 hac
323 1366 448 1427 dialecto
477 1385 548 1427 suae
574 1367 764 1444 proprietatis
791 1366 978 1427 tenacissima
1004 1369 1040 1426 ad
1068 1369 1272 1428 recentissima

185 1473 320 1546 tempora
341 1469 466 1530 duravit.
510 1469 621 1529 Verum
641 1469 702 1527 iam
725 1467 816 1527 Gissii
844 1487 880 1528 oa
904 1469 1003 1528 fuerat
1024 1469 1124 1546 opinio
1154 1471 1206 1550 qui
1228 1469 1271 1530 sic

90 1625 92 1630 .
185 1572 302 1632 locutus
324 1574 371 1630 551
391 1590 419 1648 p.
441 1574 515 1630 103:
542 1570 602 1645 „im
624 1570 734 1646 grisoli.
755 1571 858 1647 partic.
881 1571 955 1648 perf.
978 1571 1086 1631 erhielt
1110 1571 1175 1631 sich
1201 1592 1271 1632 vom

184 1674 267 1732 alten
283 1672 457 1734 Nominativ
478 1693 542 1742 -5νς
557 1672 589 1731 15
605 1673 656 1731 der
670 1673 894 1749 gewdhnlichen
909 1673 1038 1750 Sprache
1058 1675 1092 1732 in
1107 1694 1161 1744 ·ως
1178 1676 1229 1734 1155
1245 1695 1271 1746 ς,

184 1775 226 1833 151
248 1775 415 1835 Aeolismus
435 1775 469 1833 in
488 1795 545 1834 -5ν
567 1775 618 1834 das
640 1780 689 1832 v.“
716 1808 759 1818 —
1285 1771 1288 1778 '

271 1877 370 1937 Huius
390 1877 482 1954 igitur
495 1876 639 1936 Aeolismi
661 1876 853 1936 clarissimum
875 1876 1044 1953 exemplum
1064 1880 1142 1955 apud
1158 1880 1270 1939 Home·

185 2000 252 2039 rum
274 1985 320 2040 est
340 1981 435 2038 forma
455 1971 643 2057 κεκλήγοντες
658 1997 734 2058 quae
756 1979 887 2038 111125.
915 1979 953 2037 Π.
968 1985 1038 2038 430.
1063 1981 1093 2038 P.
1111 1981 1180 2041 756.
1199 1984 1269 2040 759.

187 2079 211 2152 ξ.
226 2087 275 2142 30.
295 2087 365 2158 post
379 2082 506 2158 primum
520 2082 625 2158 pedem
639 2081 748 2156 legitur
769 2081 820 2140 sod
834 2079 867 2138 in
881 2081 1039 2140 recentiori
1060 2087 1146 2158 parte
1162 2104 1191 2158 μ.
1207 2088 1267 2142 256

186 2185 220 2242 15
242 2185 440 2244 accusativum
462 2187 575 2242 mutata
597 2183 633 2240 ds
655 2201 766 2261 suaque
788 2182 856 2241 sede
875 2183 993 2242 detrusa
1014 2189 1072 2256 est;
1094 2185 1182 2244 lectio
1197 2204 1269 2246 vero

187 2286 251 2350 siue
273 2287 362 2346 dubio
389 2287 519 2362 genuina
545 2289 636 2364 atquo
663 2283 868 2362 antiquissima
892 2284 951 2345 fuit
978 2305 1075 2365 nequa
1097 2288 1269 2347 Aristarcho

186 2409 246 2448 non
264 2389 383 2464 placuit,
407 2389 457 2449 sed
472 2388 505 2446 in
520 2387 613 2446 altera
627 2385 757 2445 editione
771 2387 937 2462 postposita
952 2392 1004 2461 551,
1021 2389 1098 2468 quia,
1121 2393 1155 2448 ut
1169 2389 1270 2468 inquit

187 2490 279 2552 551151.
301 2490 378 2550 Vict.
398 2492 435 2550 ad
459 2489 587 2561 11430,
611 2479 667 2546 οὐκ
690 2481 854 2565 ἀναγκαῖον
878 2481 911 2548 cd
934 2483 1079 2549 Αἰολικὸν
1099 2487 1206 2569 μέτρου
1228 2483 1270 2567 μὴ

189 2591 372 2672 ἐπείγοντος,
402 2592 518 2668 vulgari
546 2597 576 2651 et
597 2591 717 2650 Ionicae
744 2591 857 2651 formas
887 2593 1065 2670 contorsisse
1086 2593 1271 2671 κεκληγῶτας

188 2696 238 2773 (oi.
259 2695 431 2774 τετριγῶτας
449 2695 483 2751 Β.
501 2699 571 2753 314.
593 2693 765 2767 τεθνηῶτας
787 2690 954 2770 ἐμμεμαῶτε
975 2695 1047 2765 5115;
1070 2696 1105 2753 de
1127 2696 1270 2771 producta

187 2798 283 2859 vocali
297 2818 325 2858 τ.
341 2795 501 2872 Brugmani
518 2796 585 2854 diss.
603 2815 631 2872 p.
645 2796 693 2854 75.
711 2799 779 2855 135.
800 2792 899 2877 itast.
915 2801 1004 2876 atque
1019 2817 1047 2874 p.
1061 2798 1078 2856 7
1083 2804 1100 2857 4
1117 2799 1153 2856 de
1168 2799 1270 2874 stirpis

190 2900 287 2960 forma
307 2901 423 2960 diversa
443 2891 1170 2978 κέκλνγγοεκέκλαγγαι-ττεφευγῶςεκεφύγγον).
1202 2898 1268 2964 Quo

187 3004 274 3062 modo
296 3007 394 3062 autem
420 3001 471 3060 1115
491 3001 617 3060 formam
639 2999 825 3076 explicuerit,
855 3005 954 3060 utrum
976 3019 1040 3060 eam
1062 3003 1099 3060 ds
1126 3000 1271 3075 singulari

187 3105 310 3165 Aeolico
332 3097 481 3181 κεκλήγων
508 3102 591 3162 cuius
612 3100 727 3161 nullum
746 3101 905 3178 vestigium
931 3105 1008 3179 apud
1030 3104 1194 3171 Homerum
1219 3103 1270 3162 de·

187 3207 381 3284 prehenditur
399 3206 438 3284 (v.
457 3205 580 3264 Laroch.
597 3222 626 3280 p.
642 3210 719 3275 296;
740 3198 889 3282 κεκληγώς
902 3207 993 3265 habat
1010 3206 1044 3263 Β.
1059 3211 1129 3267 222.
1146 3206 1183 3264 E.
1197 3210 1268 3266 591.

188 3311 227 3368 A.
244 3314 313 3368 168.
334 3313 403 3368 344.
434 3309 473 3366 N.
493 3308 563 3367 755.
596 3309 626 3364 Ρ.
648 3312 695 3365 88.
728 3327 756 3381 μ.
775 3308 851 3385 408)
880 3309 1054 3383 repetiverit
1083 3327 1121 3367 an
1150 3309 1268 3384 vulgari

186 3404 358 3489 κεκληγότες
377 3411 506 3470 litteram
521 3432 538 3467 ν
558 3410 699 3469 insertam
721 3409 813 3468 fuisse
833 3401 990 3470 crediderit
1009 3411 1194 3486 ignoramus;
1216 3413 1269 3470 sed

186 3515 212 3573 si
241 3513 360 3574 omnino
389 3513 425 3571 de
447 3513 596 3572 Aeolismo
624 3512 779 3588 cogitavit,
811 3513 971 3572 certissime
997 3513 1176 3587 perfectum,
1205 3531 1267 3571 non

184 3615 327 3674 aoristnm
347 3613 500 3676 intellexit
521 3616 600 3695 quod
622 3613 791 3674 Lobeckius
812 3616 849 3673 ad
865 3615 974 3675 Buttm.
993 3633 1035 3688 gr.
1052 3612 1100 3673 Gr.
1118 3614 1159 3672 ΙΙ.
1179 3633 1208 3689 p.
1226 3618 1265 3672 36
1382 3673 1383 3678 χ

186 3716 290 3777 statuit
310 3716 384 3775 mire
404 3716 519 3794 lapsus:
546 3724 654 3791 „noter
675 3713 842 3776 Aeolismus
869 3717 1009 3777 verstand
1037 3734 1069 3774 er
1090 3715 1268 3792 ohnstreitig

185 3819 270 3878 nicht
298 3819 345 3877 die
374 3819 611 3896 metaplastisohc
637 3821 764 3893 Endnng
786 3821 835 3876 ’ων
863 3821 935 3879 51511
961 3837 1001 3886 ως
1027 3816 1085 3878 wie
1107 3816 1266 3892 Gregorius
1304 3815 1306 3820 ’

184 3941 213 3998 p.
230 3926 289 3980 621
316 3915 441 3998 εἰρήκων
461 3915 611 3997 νενοήκοον
632 3922 779 3982 5551155115
794 3909 924 3981 Formon
944 3925 1047 3993 nsunt,
1068 3921 1196 3980 sondern
1218 3920 1266 3979 die

184 4023 414 4099 Reduplication
435 4025 487 4088 des
500 4025 651 4095 Aorists“;
671 4023 736 4099 ipse
758 4029 856 4084 autem
873 4029 903 4083 et
918 4023 1002 4090 οἶτες
1024 4033 1054 4081 51
1066 4016 1164 4091 -όντες
1179 4022 1267 4084 metri

143 4179 146 4186 ,
184 4143 273 4186 causa
293 4145 347 4202 pro
369 4127 494 4203 pristino
516 4123 594 4195 -ότες
621 4145 637 4185 5
658 4125 757 4202 prisca
776 4124 942 4185 litteratura
968 4125 1180 4201 transpositum
1201 4141 1265 4184 essa

183 4225 362 4302 imaginatus
377 4234 422 4288 est
436 4231 515 4309 qued
529 4228 664 4306 pluribus
677 4227 774 4287 refelli
789 4247 850 4287 non
865 4211 939 4302 opus
954 4234 999 4288 est
1008 4227 1021 4266 ³
1030 4227 1067 4300 ⁷).
1097 4225 1265 4288 Pleouasmi

255 4365 298 4426 31)
315 4365 387 4413 Nunc
398 4364 497 4414 tandem
508 4379 563 4414 oum
574 4364 600 4413 in
611 4363 700 4414 nitidas
712 4363 809 4413 chartas
820 4376 897 4421 usquc
909 4361 968 4412 diss.
981 4363 1141 4425 scripsissem,
1157 4361 1265 4424 Rumpdl
