3114 4994
808 477 871 543 140

299 651 366 693 oum
387 631 577 711 partieipium
598 631 764 710 praesentia
786 624 942 711 ἀπούρᾱμι
962 651 1016 709 pro
1039 623 1190 710 dnonoioo
1207 633 1311 693 6611611
1334 635 1384 713 (61.

298 727 449 812 ἀπούραις
470 735 556 793 Pind.
579 735 670 812 Pyth.
685 739 713 792 4.
736 739 854 796 6149.
885 731 937 794 rbi
960 733 1101 794 Aeolions
1126 753 1191 794 mos
1213 735 1386 812 productio·

298 853 368 894 nem
398 836 542 897 vioeriam
569 836 693 913 propria
722 835 870 912 scriptura
899 834 1086 912 exprimendi
1115 838 1263 915 servatur)
1293 842 1385 916 atque

297 927 421 1015 ἀπηύρᾶ
442 928 649 1014 661ἀπούρᾱ,
675 943 710 996 61
732 937 794 996 iam
814 937 964 997 Lobeokio
986 937 1084 998 visum
1105 942 1165 1010 661,
1194 939 1386 1017 661616666-

253 1087 256 1092 .
296 1040 406 1098 leotum
429 1035 476 1100 661
497 1059 577 1112 usus,
600 1045 746 1117 tyrannus
764 1039 815 1098 ille
829 1038 958 1114 linguae,
980 1039 1084 1099 aoristi
1098 1039 1252 1099 notionem
1266 1038 1385 1116 inpegit

297 1141 337 1219 (v.
354 1142 467 1202 Buttm.
484 1142 508 1201 Ι.
530 1162 559 1219 p.
575 1142 625 1202 72.
643 1147 691 1200 30.
714 1161 743 1199 n.
761 1147 779 1199 9
803 1142 854 1219 661
876 1140 941 1220 ipse
962 1159 1024 1200 non
1044 1146 1126 1200 reate
1147 1143 1273 1200 lor-mam
1295 1127 1385 1219 εύρον

297 1240 433 1318 adtulit);
464 1249 655 1317 angmentum
675 1259 748 1305 vero
770 1247 822 1301 661
842 1243 880 1302 ab
901 1243 939 1302 iis
962 1241 1014 1321 661
1035 1243 1163 1320 prisoam
1182 1242 1385 1303 litteraturam

297 1344 410 1404 Ioniois
425 1345 579 1404 elementia
593 1346 853 1406 aooommoderunt
866 1345 942 1404 falso
959 1363 979 1420 η
996 1344 1140 1421 seriptum
1156 1349 1209 1404 ant
1224 1345 1285 1404 iam
1303 1349 1383 1418 ante,

299 1447 371 1526 quia
390 1447 529 1508 formatio
544 1465 615 1506 mox
635 1447 668 1505 in
683 1447 865 1508 oblivionem
887 1445 1002 1506 abierat
1016 1450 1106 1526 atque
1121 1445 1158 1505 de
1172 1445 1281 1506 fiotioio
1297 1465 1384 1526 prae·

298 1548 376 1607 senti
399 1538 547 1626 ἀπανράω
569 1549 653 1607 onina
674 1565 820 1627 nusquam
842 1555 888 1609 661
907 1548 1067 1622 vestigium
1089 1547 1290 1626 cogitabatur,
1314 1567 1384 1626 pro-

297 1648 467 1720 66116166
494 1649 587 1708 161666
613 1667 668 1726 pro
697 1656 864 1729 exspeotato
893 1644 1024 1728 ἀπύ-υρο
1051 1649 1219 1710 Ahreneins
1245 1649 1386 1724 gnaviter

298 1750 481 1824 exoogitavit
503 1751 639 1811 omnibns
659 1752 723 1810 lere
738 1751 973 1812 adsentientibus
994 1752 1036 1831 (v.
1052 1750 1160 1827 Bergk,
1181 1754 1218 1812 de
1235 1748 1305 1812 bist
1322 1751 1383 1811 litt.

296 1872 325 1928 p.
346 1857 414 1911 115.
438 1849 466 1912 n'.
487 1858 555 1912 169.
599 1854 680 1912 0661.
704 1855 742 1914 de
762 1856 845 1915 verb.
867 1876 896 1932 p.
918 1859 986 1912 193.
1015 1853 1067 1932 661
1094 1853 1160 1913 inre
1180 1855 1384 1928 Bregmannrn

297 1974 327 2030 p.
347 1959 405 2012 166
428 1973 449 2030 η
470 1955 617 2029 digammo
639 1957 775 2035 quemvis
796 1957 829 2015 in
846 1977 866 2014 ο
887 1955 1034 2015 66111166
1056 1961 1101 2015 eet
1116 1955 1292 2033 produotnm
1314 1973 1383 2033 pro·

297 2055 473 2116 elementem
503 2076 563 2116 non
585 2057 745 2134 probavit).
789 2055 917 2118 Adoedit
937 2057 1078 2118 videlieet
1106 2058 1134 2116 61
1162 2056 1297 2134 opinioni
1324 2073 1385 2138 qna

297 2159 410 2218 formae
433 2150 570 2235 ἀπούρας
592 2151 716 2238 ἀπηύρα
743 2180 798 2237 pro
820 2159 980 2219 Aeolismis
1007 2163 1144 2236 reoeptoe
1165 2161 1328 2222 ereduntur
1349 2177 1384 2217 66

297 2261 523 2334 argumentandi
538 2261 733 2337 probabilitas
750 2281 839 2340 6666
853 2280 892 2322 ex
906 2265 987 2320 eerte
1002 2261 1070 2320 sede
1085 2279 1191 2322 vooum
1206 2259 1383 2332 derivamus,

297 2363 334 2422 de
354 2380 412 2442 qne
427 2362 488 2421 iam
502 2363 646 2424 Lehreiua
663 2364 700 2422 ad
717 2364 942 2422 Lachmannnm
957 2362 1048 2440 (Betr.
1067 2383 1097 2440 p.
1112 2362 1143 2440 7)
1159 2363 1291 2440 66616616
1313 2380 1386 2421 666

296 2464 411 2524 termae
432 2463 465 2523 in
488 2465 576 2524 certis
598 2465 734 2525 formulis
756 2484 873 2542 semper
894 2482 1033 2526 versuum
1051 2463 1216 2524 olanenlam
1236 2465 1382 2525 obtinent.

295 2557 444 2643 Ἀπούρας
462 2565 498 2625 de
513 2561 602 2627 rebus
617 2572 791 2645 usurpatum
806 2567 947 2642 legimus:
970 2559 1127 2643 ἐλεύθερον
1143 2553 1223 2642 ἦμαρ
1246 2557 1383 2645 ἀπούρας

299 2667 333 2723 z.
352 2671 422 2725 666.
457 2667 496 2725 11.
518 2673 590 2727 eor.
623 2670 651 2726 Τ
669 2673 737 2727 166.
767 2663 854 2747 γέρας
882 2660 974 2737 αὐτὸς
1001 2659 1139 2744 ἀπούρας
1159 2668 1198 2726 Α.
1219 2673 1289 2726 666.
1311 2669 1382 2726 667.

297 2767 346 2846 (Β.
361 2766 446 2844 240.)
462 2761 552 2845 τεύχε’
567 2762 705 2849 ἀπούρας
719 2771 758 2828 A.
770 2775 842 2829 432.
862 2762 964 2846 bondo
976 2762 1114 2845 ἀπούρας
1129 2768 1167 2828 Φ.
1183 2775 1254 2828 296.
1269 2789 1295 2828 ν.
1309 2769 1381 2828 270.

297 2861 436 2947 ἀπηύραε
459 2856 540 2950 ,ἦτορ
562 2863 686 2950 ἀπηύρα
700 2872 741 2930 Λ.
759 2876 828 2930 115.
858 2871 896 2930 Φ.
914 2875 986 2931 201.
1016 2869 1057 2928 Ω.
1073 2875 1122 2932 50.
1154 2856 1238 2946 εύχος
1258 2863 1381 2949 ἀπηύρα

301 2970 336 3028 0.
350 2977 421 3030 462.
436 2963 525 3048 τεύχε’
542 2965 664 3053 ἀπηύρα
675 2975 714 3031 A.
728 2979 799 3032 334.
815 2975 846 3032 Ρ.
864 2978 932 3033 125.
948 2988 1025 3051 quae
1038 2973 1132 3034 verba
1146 2978 1249 3032 auotor
1263 2972 1382 3032 diremit

297 3072 398 3134 verbis
427 3071 578 3134 nonnullis
606 3075 793 3153 interpositis
824 3077 863 3133 Ψ.
886 3079 957 3136 800.
989 3066 1092 3150 θομύν
1121 3065 1242 3151 ἀπηύρα
1272 3075 1307 3133 Ζ.
1334 3076 1380 3134 17.

299 3173 425 3232 16466.
450 3174 490 3234 Π.
509 3181 579 3236 eno.
603 3177 630 3235 Ρ.
648 3183 719 3236 666.
734 3178 767 3234 n.
784 3181 855 3235 666.
875 3176 913 3234 Φ.
932 3177 1001 3236 176.
1018 3178 1042 3234 t.
1060 3180 1131 3234 666.
1153 3167 1382 3257 6166666166

297 3291 325 3334 ο.
343 3275 414 3335 273.
437 3268 493 3345 ούς
511 3269 576 3336 ποτ’
593 3269 714 3358 ἀπηύρα
735 3279 775 3337 Ψ.
793 3283 864 3336 291.
883 3277 1014 3356 (66666);
1036 3278 1072 3337 da
1088 3277 1224 3355 personis
1246 3277 1294 3336 his
1307 3277 1382 3339 looia

297 3377 410 3437 dietam
432 3382 492 3438 est:
521 3378 675 3456 κλισίηθεν
702 3373 840 3459 ἀπούρας
860 3379 884 3438 Ι.
903 3380 971 3440 107.
994 3377 1155 3459 (Βρισηΐδα
1183 3380 1219 3438 of.
1239 3377 1279 3439 A.
1297 3381 1381 3458 350.)

295 3472 336 3556 ἣν
355 3470 415 3539 oo'r’
436 3472 560 3559 ἀπηύρα
575 3481 599 3540 Ι.
615 3482 685 3541 273.
708 3478 889 3559 (Βρισηΐδα).
918 3472 1029 3551 πόντος
1045 3476 1078 3539 δέ
1095 3477 1128 3539 οἱ
1145 3471 1239 3540 οὔτιν’
1257 3473 1381 3562 ἀπηύρα

296 3602 323 3660 γ.
345 3587 414 3641 192.
459 3585 601 3644 Auotorea
626 3588 725 3642 66166
750 3582 822 3644 libri
845 3583 865 3639 I
889 3602 976 3662 qnam
998 3584 1207 3643 Laohmannue
1229 3604 1259 3660 p.
1277 3589 1318 3642 26
1336 3603 1380 3664 66.

299 3684 419 3743 666166
440 3686 616 3745 recentioris
645 3683 770 3759 originis
797 3685 996 3762 euepieionem
1017 3703 1136 3744 movere
1161 3683 1240 3745 vidit
1260 3689 1292 3743 61
1310 3685 1382 3747 libri

305 3785 343 3844 Ψ.
366 3784 407 3863 (v.
425 3806 453 3865 p.
471 3786 522 3863 33)
550 3787 665 3847 61166
692 3806 779 3846 usum
799 3787 943 3847 formulae
965 3786 1117 3865 paululum
1145 3789 1309 3860 noverunt,
1338 3787 1382 3847 ita

298 3903 408 3947 novam
427 3888 596 3948 formamL
619 3891 694 3963 sing.
716 3889 786 3967 imp.
815 3881 961 3966 ἀπηύρων
986 3907 1041 3966 pro
1062 3879 1197 3965 ἀπεύραν
1226 3889 1262 3947 de
1288 3890 1381 3949 verbo

298 3988 331 4046 in
345 4007 404 4046 -oer
420 3995 571 4049 oontraoto
585 3991 741 4050 dednotam
756 3989 893 4070 (quaeum
908 3990 1036 4050 Sonniue
1048 3991 1083 4048 16
1093 3991 1196 4049 Kahn.
1210 4009 1279 4051 ann.
1290 3989 1382 4050 XIII.

298 4109 327 4167 p.
343 4095 415 4150 434.
438 4109 476 4150 ex
489 4091 631 4152 Lobeokii
646 4093 684 4152 ad
697 4093 809 4152 Buttm
825 4093 867 4152 11.
889 4113 919 4172 p.
939 4097 997 4152 152
1020 4091 1228 4153 additamentis
1243 4081 1383 4170 dnidpor

298 4209 353 4268 pro
375 4180 509 4272 dntdpov
530 4194 667 4272 eontulit)
696 4193 853 4254 admittere
881 4213 941 4253 non
964 4195 1116 4269 dedignati
1137 4197 1221 4256 eunt:
1249 4185 1289 4271 ἣν
1315 4186 1379 4254 τότ’

298 4283 447 4370 ἀπηύρων
473 4293 500 4354 Ι.
526 4298 580 4353 131
614 4297 663 4374 ((16
688 4295 765 4356 liris.
794 4297 831 4356 oi
854 4315 882 4358 v.
904 4295 979 4374 273)
1008 4288 1137 4377 θώρηκα
1166 4327 1208 4342 -
1237 4286 1382 4375 ἀπηύρων
