3114 4994
819 486 881 552 164

307 642 534 724 mietimemque
553 662 630 724 quae
651 647 698 704 eat
717 643 750 702 in
763 642 933 704 Homericis
953 644 1132 704 seminibus
1146 643 1391 721 restringendum,

307 747 358 806 sed
379 747 457 808 hune
476 745 646 806 liberiorem
665 746 758 806 fuisse
779 765 867 826 quam
889 765 944 823 pre
965 748 1090 807 metrice
1108 749 1232 822 ratione,
1254 767 1332 828 quae
1353 767 1392 807 ne

307 849 385 926 apud
412 849 574 908 Pindarum
602 849 722 929 quidem
744 849 807 908 sola
832 849 922 909 rdet.
972 848 1072 913 Quare
1098 850 1130 908 in
1155 851 1329 910 uuiversum
1356 851 1394 909 de

305 950 436 1012 Aeolicis
449 951 585 1028 vestigiis
603 971 663 1011 uon
685 957 746 1012 tum
767 952 792 1010 Ι.
812 951 944 1011 Bekkeri
965 951 1107 1010 iudicium
1125 953 1162 1012 de
1183 953 1393 1028 pronominum

304 1053 493 1114 Aeeliceruru
520 1073 577 1114 usu
601 1053 778 1129 Homerico,
809 1056 846 1114 dc
869 1074 929 1133 quo
958 1055 1016 1112 iam
1047 1055 1119 1114 sotis
1147 1054 1272 1131 exposui
1298 1053 1325 1133 ς.
1345 1060 1392 1128 14,

304 1155 337 1216 ἱιι
359 1157 457 1218 sched
480 1157 601 1218 Homer.
619 1159 644 1216 1.
666 1178 696 1235 p.
712 1163 783 1216 325.
806 1157 847 1235 (p.
866 1158 918 1234 87)
941 1156 1105 1234 prelatum:
1126 1157 1193 1230 „die
1210 1158 1391 1230 Aeolismeu,

303 1259 385 1320 diese
406 1259 537 1337 (person.
554 1278 639 1337 pren.
657 1260 756 1338 dixit),
777 1260 835 1322 wie
856 1260 906 1319 die
926 1261 1114 1335 possessireu
1136 1250 1213 1333 ἇμὸς
1232 1261 1294 1320 und
1315 1251 1394 1336 ὁμὸς

302 1363 423 1423 werden
446 1381 483 1422 eu
504 1363 679 1422 metrischer
699 1363 846 1422 Aushiilse
868 1361 1122 1438 herbeigerogen‚
1151 1363 1219 1422 sind
1238 1364 1312 1422 aber
1337 1383 1393 1422 uu-

303 1467 384 1537 nuez,
406 1483 453 1524 wo
477 1483 510 1523 es
532 1464 623 1523 deren
644 1464 728 1524 nieht
748 1465 855 1524 bedarf
871 1465 930 1526 wie
952 1482 999 1523 am
1014 1463 1118 1524 Ende“
1140 1451 1228 1544 quam
1245 1464 1281 1524 G.
1296 1466 1392 1526 curui

303 1565 448 1624 conlaudo
464 1584 621 1646 meumque
641 1567 734 1626 fecie:
755 1569 832 1641 „Mic
852 1567 950 1628 sineru
965 1600 1008 1610 -
1023 1567 1196 1628 Verurtheil
1216 1570 1322 1629 hatten
1344 1569 1393 1627 die

303 1667 472 1728 aeolischeu
488 1668 618 1729 Formen
640 1659 734 1745 ἄμμες
749 1661 844 1745 ὔμμες
858 1691 886 1730 u.
903 1690 924 1729 s.
939 1690 977 1730 w.
994 1670 1044 1729 bei
1058 1670 1172 1730 Homer
1186 1691 1225 1729 zu
1239 1673 1391 1748 hempfen.

303 1769 375 1828 Hun
396 1769 498 1831 wellte
520 1771 564 1832 sie
591 1791 659 1831 zum
681 1771 767 1830 Theil
793 1773 874 1833 bless
902 1773 946 1832 als
968 1772 1126 1832 metr-isehe
1146 1773 1269 1833 Behelfe
1291 1775 1393 1850 gulten

303 1871 410 1944 lusson,
432 1872 481 1930 die
502 1891 541 1932 su
562 1874 610 1933 die
630 1873 721 1936 Stelle
744 1875 797 1934 der
817 1875 991 1934 iiblichsreu
1011 1895 1069 1934 nur
1090 1877 1128 1934 de
1148 1883 1246 1938 treten
1262 1877 1391 1950 diirften,

301 1993 349 2034 wo
371 1974 415 2034 sie
436 1974 500 2035 sich
521 1977 622 2036 besser
642 1977 675 2036 in
697 1978 755 2037 deu
776 1977 852 2036 Vere
872 1977 985 2052 frigten.
1029 1979 1130 2037 Aber
1151 1979 1211 2038 die
1232 1980 1392 2039 Aeolis·

301 2096 383 2136 men
416 2077 480 2136 bei
511 2079 652 2138 Homer
684 2079 771 2138 sind
800 2079 912 2138 nicht
943 2079 1084 2154 gering
1116 2099 1161 2140 sn
1189 2081 1282 2140 Zehl
1313 2083 1391 2142 und

302 2179 546 2256 keincswegs
578 2182 643 2241 anf
674 2180 807 2242 solche
838 2182 1004 2241 Fermeu
1035 2183 1288 2258 besehrs'nkt,
1328 2205 1390 2246 eus

303 2283 425 2341 denen
457 2282 545 2342 eine
581 2284 787 2345 metrische
819 2283 1153 2364 Bsquemlichkeit
1187 2289 1391 2348 erwuohe.“

303 2385 339 2444 ef.
361 2384 424 2445 Erl.
441 2404 470 2461 p,
487 2385 563 2445 76².

380 2486 479 2548 Tertio
491 2487 556 2548 leee
569 2489 762 2565 persuasioni,
779 2489 827 2549 eui
838 2489 924 2549 erede
938 2507 999 2548 nen
1011 2489 1116 2550 melius
1130 2492 1272 2568 procedit,
1288 2511 1390 2552 eorum

302 2590 465 2664 ebenrram,
485 2591 537 2670 qui
553 2596 584 2649 et
598 2609 616 2649 e
630 2591 805 2651 mistione
821 2591 1033 2651 colonorum
1048 2593 1283 2655 diversorum
1298 2595 1390 2654 stir-

197 2690 210 2708 ’
301 2693 404 2770 pium
434 2694 474 2752 in
503 2693 597 2752 Asia
625 2693 732 2753 faeta
763 2699 800 2754 et
829 2714 846 2753 e
876 2693 1046 2753 confinio
1074 2697 1323 2755 Aeelensium
1354 2703 1390 2756 et

300 2783 429 2854 Ionum
457 2796 494 2854 ad
522 2795 649 2856 celerem
678 2797 793 2856 verium
820 2796 973 2856 Homerici
1003 2799 1148 2858 sermonis
1175 2798 1390 2858 enucleandum

253 2911 257 2920 ’
301 2898 426 2964 multum
446 2899 612 2957 redundare
633 2899 867 2976 adsumpserunt.
910 2899 987 2958 Nam
1009 2919 1075 2958 eum
1097 2900 1221 2960 alierum
1243 2907 1307 2960 tum
1327 2901 1388 2961 He-

301 2999 397 3059 rodoti
413 2999 587 3076 gravissime
606 3000 671 3059 loce
690 3002 713 3060 1.
734 3021 757 3060 e.
775 3007 844 3060 146.
868 3001 976 3062 diserte
991 3002 1182 3063 confirmatur
1196 3003 1317 3064 colenus
1338 3003 1386 3084 qui

299 3100 332 3159 in
348 3101 463 3161 Ioniam
478 3101 655 3177 migrassent
668 3121 728 3161 uon
744 3105 875 3164 ciusdem
890 3103 987 3179 gentis
1002 3104 1103 3179 fuisse,
1124 3107 1176 3166 sed
1191 3107 1389 3183 multiplicum

301 3203 438 3280 stirpium
462 3203 556 3264 socies
581 3204 625 3263 ibi
653 3212 846 3281 congregatos
875 3225 939 3266 esse
966 3206 1014 3284 (et.
1034 3206 1068 3266 0.
1086 3207 1223 3267 Muelleri
1245 3209 1390 3269 Orchom.

300 3324 329 3382 p.
348 3310 419 3364 399.
450 3304 580 3364 Giesium
597 3325 626 3382 p.
646 3303 803 3388 melleo),
826 3327 917 3388 quare
932 3308 1064 3369 Ionicum
1079 3309 1221 3389 loquendi
1241 3311 1387 3370 rationem

299 3427 360 3468 neu
389 3425 494 3485 purum
522 3408 694 3484 praebuisse
722 3411 850 3486 speciem
878 3411 957 3469 idem
987 3412 1157 3473 Herodotus
1186 3417 1312 3473 testatus
1343 3417 1388 3474 est

302 3511 327 3571 Ι.
349 3515 462 3584 c.142,
486 3511 604 3590 quode
631 3511 696 3572 lece
719 3512 782 3570 dixi
805 3532 894 3589 supra
914 3532 943 3589 p.
966 3518 1015 3574 10.
1037 3535 1068 3574 n.
1086 3521 1136 3574 46.
1180 3518 1280 3595 Atque
1307 3516 1388 3576 inter

300 3612 463 3674 Aeolonses
485 3617 516 3672 et
537 3613 626 3672 Ioues
649 3614 823 3674 commercia
843 3616 1024 3696 uegetisque
1046 3618 1187 3678 continue
1208 3625 1239 3678 et
1259 3619 1387 3678 necessi·

300 3713 420 3775 tudines
440 3715 569 3776 invicem
590 3715 769 3790 floruerunt,
798 3737 853 3794 per
879 3737 970 3796 quae,
1001 3719 1072 3799 quie
1098 3739 1146 3780 res
1165 3719 1233 3795 ipsa
1254 3725 1288 3780 ut
1311 3739 1386 3779 nen-

300 3817 399 3876 nullae
426 3818 539 3877 termes
566 3822 597 3876 et
622 3835 710 3879 voees
736 3821 814 3896 apud
843 3823 986 3900 utresque
1008 3822 1127 3881 eaedem
1155 3822 1216 3882 sint
1243 3823 1384 3900 postulat,

299 3919 332 3977 in
354 3937 519 3980 sermenem
541 3938 688 3999 quemque
714 3921 906 3981 vernaculum
928 3923 1022 3983 multa
1049 3922 1143 3999 magis
1164 3923 1317 4004 magisque
1338 3926 1385 3984 iu·

298 4026 463 4098 repserunt.
514 4020 596 4086 Quae
625 4041 691 4081 eum
718 4041 773 4100 per
800 4043 831 4083 se
860 4025 958 4084 emnia
984 4029 1065 4084 reete
1095 4043 1127 4084 se
1154 4026 1284 4086 habeant
1310 4029 1384 4106 quid

298 4127 397 4182 tamen
419 4124 456 4182 ad
477 4125 555 4183 hane
575 4141 638 4183 rem
665 4125 880 4186 inlustrandam
900 4127 1022 4186 valeant
1045 4126 1182 4206 equidem
1203 4148 1264 4186 non
1286 4130 1382 4189 video.

299 4221 597 4304 Sengebusehius⁸²)
619 4232 717 4288 eutem
747 4233 777 4287 et
807 4228 903 4306 poetis
925 4227 1093 4290 Homericis
1120 4233 1151 4288 et
1172 4231 1407 4316 posterioribus

301 4325 363 4332 ---
386 4329 502 4336 --—.—.

349 4339 351 4346 '
367 4357 411 4424 er)
428 4360 455 4408 u
471 4360 551 4410 mnu
568 4375 624 4410 sun.
641 4378 666 4423 p.
679 4364 738 4412 see.
757 4363 814 4412 ece.
