3114 4994
709 480 770 546 159

279 633 507 694 Recentioribus
538 634 611 694 item
642 636 807 696 Aeolica
840 636 1000 696 Homeri
1032 637 1146 712 origo
1175 639 1282 700 idonea

193 751 282 794 causa
300 734 361 796 fuit
380 735 418 794 ad
438 734 605 796 Aeolismos
628 737 838 814 expediendos.
881 737 1058 798 Aeoleneem
1079 738 1199 817 quidem
1217 739 1282 800 Ho-

193 853 306 896 merum
328 836 381 914 qni
395 836 498 898 Ioniae
519 837 687 913 scripsisset
700 828 887 915 amplexatus
907 845 954 898 est
966 837 1179 918 Bennsiusss)
1198 843 1283 903 ouius

193 936 329 998 numina
349 944 500 1014 repertum
516 943 562 1000 est
583 939 775 1014 digamma,
799 942 877 1018 qnod
898 941 931 999 in
946 940 1159 1018 disceptatione
1180 948 1281 1004 utrum

191 1037 298 1100 fnisset
325 1045 418 1114 poeta
435 1039 592 1100 Aeolonsis
619 1060 658 1100 an
684 1041 806 1101 Ionicus
832 1042 1056 1102 celeberrimum
1082 1044 1168 1122 quasi
1188 1045 1280 1106 telum

191 1140 303 1200 tactem
319 1145 373 1214 eet,
388 1141 561 1218 praesertim
577 1161 644 1202 oum
658 1142 689 1202 id
703 1142 801 1203 inrita
815 1144 952 1206 Minerva
965 1144 1113 1219 digamma
1127 1146 1280 1206 Aeobcnm

191 1247 428 1318 nuncuparetnr5
451 1244 531 1322 quod
546 1251 655 1302 noman
676 1263 715 1304 ne
736 1245 917 1305 recentiores
932 1247 1052 1325 quidem
1073 1247 1111 1324 (a.
1128 1267 1155 1323 g.
1171 1245 1280 1309 Christ.

147 1409 151 1416 ⁸
191 1361 221 1418 p.
242 1342 315 1421 lat)
341 1343 474 1423 nequid
496 1344 700 1422 perversitatis
727 1351 862 1406 vetustae
890 1348 1076 1408 amitteretur
1099 1349 1280 1411 abiecerunt.

191 1442 327 1506 Bentleio
348 1465 421 1508 vero
444 1465 572 1526 quocum
591 1448 671 1524 apud
687 1446 801 1522 Anglos
822 1448 880 1507 viri
903 1448 982 1508 docti
1004 1453 1150 1509 steteram
1170 1455 1204 1512 ut
1221 1453 1279 1511 Fo·

191 1549 287 1606 sterne
308 1546 514 1626 Woodius²⁶)
536 1559 655 1609 suanno
677 1553 709 1608 at
728 1548 831 1624 inepte
852 1549 1007 1610 Dawesius
1028 1550 1061 1608 in
1082 1551 1164 1611 misc.
1186 1553 1280 1614 aritio.

192 1649 365 1710 adversatus
387 1654 448 1722 ast,
478 1650 530 1727 qni
558 1669 625 1708 cum
647 1650 796 1724 digamma
816 1651 970 1712 Aeolicum
991 1652 1029 1712 ab
1051 1652 1163 1712 Ionicis
1183 1655 1280 1716 Ionioi

190 1754 297 1826 poetae
316 1751 496 1812 carminibus
516 1771 638 1828 prorsus
652 1751 783 1811 alienum
801 1751 968 1826 iudicasset,
991 1753 1080 1814 huius
1101 1753 1167 1814 loco
1189 1757 1280 1837 lIoni-

190 1869 258 1912 cum
279 1846 353 1912 Vau'
380 1853 482 1914 adem
509 1852 539 1914 vi
562 1853 729 1928 praeditum
757 1854 914 1914 restituere
943 1860 1065 1914 conatus
1092 1859 1150 1926 est3
1179 1861 1280 1917 minen

190 1953 365 2028 Burgessins
379 1974 481 2016 rursus
494 1954 528 2014 iu
538 1954 655 2014 Bentlei
670 1960 771 2031 partes
785 1955 843 2015 ivit
857 1960 948 2034 atquc
963 1975 980 2014 e
995 1955 1143 2033 digamma
1154 1956 1278 2018 Homeri

192 2053 338 2130 originem
366 2055 518 2118 Aeolicam
547 2055 689 2116 defendit.
734 2055 851 2115 Primus
878 2061 977 2116 autem
1002 2056 1141 2134 Hsynius
1162 2078 1190 2134 p.
1207 2059 1278 2118 711.

190 2156 332 2232 opinione
346 2158 604 2232 grammaticorum
617 2157 655 2218 de
667 2157 790 2217 Aeolico
805 2157 952 2233 digammo
967 2157 1157 2218 ariolantium
1172 2161 1279 2222 merito

188 2262 293 2320 notan
311 2259 467 2322 contendit
485 2259 561 2320 iliud
576 2264 608 2320 et
628 2257 790 2338 antiquiori
804 2259 909 2339 utique
930 2257 999 2318 usui
1013 2259 1143 2320 aneae
1158 2262 1278 2338 linguae

190 2360 343 2437 proprium
372 2366 404 2422 at
424 2363 531 2422 Ionum
557 2379 676 2441 quoqne
704 2365 794 2439 atque
814 2359 910 2420 Ionioi
937 2365 1044 2436 poetae
1065 2365 1279 2425 consuetudine

189 2461 413 2542 frequentatum
433 2463 525 2524 snos
546 2468 581 2524 ut
602 2481 641 2522 ne
658 2461 751 2538 pilum
766 2461 887 2541 qnidam
908 2459 940 2520 in
955 2461 1137 2522 Aeoliemnm
1157 2465 1278 2539 faceret,

191 2565 222 2624 id
245 2566 325 2644 quod
342 2564 527 2626 venesimnm
551 2570 604 2624 est.
648 2567 789 2623 Attamen
809 2562 880 2622 inde
896 2563 1067 2624 defensores
1086 2565 1198 2626 Aeoliai
1215 2567 1277 2627 Hc·

191 2667 266 2726 meri
286 2667 451 2727 sententiaa
473 2685 543 2725 suae
560 2665 740 2742 praesidinm
758 2666 926 2741 captabant
969 2667 1002 2726 Ε.
1020 2685 1047 2740 g.
1062 2666 1184 2726 nomino
1200 2667 1277 2727 Lan·

192 2767 331 2845 granu)
343 2767 375 2826 in
386 2767 494 2828 Pnilol.
506 2768 557 2826 IV.
574 2786 602 2843 p.
615 2767 685 2826 707.
702 2767 745 2828 sio
757 2769 919 2826 dicentem:
935 2767 1081 2848 ‘Aeolium
1096 2773 1185 2844 gente
1195 2787 1278 2828 eum·

191 2888 250 2948 que
271 2869 466 2948 Smyrnaeum
488 2869 651 2928 Homerum
679 2869 771 2928 fuisso
793 2868 1007 2947 antiquissimis
1028 2868 1146 2949 fideque
1168 2869 1278 2944 dignis·

192 2971 275 3034 simis
290 2970 471 3032 testimoniis
483 2970 594 3030 Rodiae
609 2970 677 3030 hist.
695 2989 775 3046 poes.
792 2969 866 3046 opio.
882 2971 906 3029 1.
929 2990 957 3046 p.
974 2975 1035 3028 248
1056 2972 1277 3032 demonstravit.

191 3073 308 3138 Quibus
329 3072 520 3134 consentiunt
540 3071 683 3132 Aeolismi
712 3072 765 3152 qui
787 3071 927 3148 permulti
955 3071 988 3130 in
1014 3071 1193 3132 carminibus
1214 3074 1277 3134 Ho-

191 3175 308 3236 mericis
320 3175 518 3250 reperiuntur,
533 3207 575 3218 —-
592 3174 739 3249 digamma
752 3172 867 3233 Aeolici
879 3172 1108 3233 innumerabilia
1123 3172 1278 3252 exampla'.

190 3279 235 3338 Eo
257 3278 344 3336 modo
372 3275 440 3352 plns
467 3275 558 3334 semei
579 3274 698 3352 egregie
718 3275 819 3351 lapsus
840 3280 886 3335 est
908 3274 1058 3348 Osannus,
1088 3275 1278 3352 aBurgessii

190 3396 263 3439 sane
282 3377 392 3438 iudicio
414 3379 562 3454 pendens,
592 3397 659 3437 oum
685 3377 853 3454 „Zopyrum
878 3377 1007 3436 maxims
1035 3375 1109 3435 illud
1130 3375 1278 3451 digamma

189 3480 353 3552 Aeolicum,
376 3479 460 3538 cuius
475 3479 624 3540 idiomatis
639 3478 743 3538 formis
757 3478 809 3536 iila
824 3482 943 3540 vetusta
952 3476 1078 3538 Homeri
1093 3477 1277 3553 exemplaria

189 3583 330 3644 distincta
348 3580 440 3640 fuisso
462 3582 516 3642 vix
533 3582 621 3642 hodie
639 3581 795 3661 quisquam
811 3585 942 3656 negaret,
965 3579 1108 3658 cuiusque
1129 3597 1201 3636 usus
1222 3578 1276 3640 vix

189 3683 325 3744 dubitare
338 3682 510 3742 testimonia
522 3683 686 3744 certissima
700 3691 731 3744 et
741 3683 921 3759 incorrupta,
939 3680 1050 3757 scripta
1061 3675 1111 3738 vel
1123 3676 1276 3755 inscripta,

189 3786 324 3847 sinerent
350 3783 425 3863 quin
452 3785 636 3862 temporibus
663 3785 745 3845 illius
774 3783 888 3860 vulgari
917 3780 1109 3841 Aeolonsinm
1140 3797 1278 3839 sermone

189 3877 268 3966 (cnm
289 3885 438 3948 Ahreneio
460 3886 496 3946 de
517 3886 651 3946 Asiatica
670 3887 795 3947 dialecto
823 3883 977 3962 cogitavit)
1002 3887 1139 3958 receptus
1160 3881 1274 3955 finisset

257 4053 302 4120 24)
319 4056 351 4104 ct.
368 4055 450 4118 Heyn.
466 4070 492 4116 p.
506 4057 563 4102 rte.
575 4071 599 4102 u.
754 4053 797 4118 211)
818 4055 884 4116 apud
900 4055 1016 4114 Bargose.
1034 4067 1058 4114 p.
1071 4051 1128 4100 898.

257 4137 301 4205 dd)
319 4139 515 4190 Commentarios
526 4138 610 4189 Iliadis
627 4139 716 4199 quibus
733 4154 761 4188 se
772 4139 910 4188 Aeolismos
921 4139 1083 4187 indicaturum
1096 4150 1150 4184 esse
1161 4135 1275 4196 promisit

188 4225 223 4272 ibi
240 4225 353 4273 laudatos
370 4237 490 4285 nusquam
508 4225 574 4286 vidi;
596 4229 742 4284 apparatum
759 4225 811 4271 etus
829 4224 863 4270 M.
883 4221 999 4271 Schmidt.
1017 4221 1073 4270 Did.
1092 4233 1120 4282 p.·
1131 4222 1180 4269 350
1198 4213 1274 4282 penes

188 4325 215 4358 aa
233 4311 309 4358 fuisso
326 4310 461 4356 adnotavit.
599 4315 607 4324 ·
984 4309 1007 4330 ·.
