3092 4996
652 479 695 544 53

132 634 206 692 sicut
229 635 321 694 etiam
341 636 454 694 formae
475 630 561 693 ἔννεον
583 637 622 714 (v.
642 635 751 695 Christ.
770 657 799 712 p.
811 635 864 713 34)
886 633 1001 703 εἶ’νατος
1021 631 1125 703 ἔνατος
1146 637 1220 694 fluc-

131 741 230 809 tuant3
253 737 425 814 Hesychius
448 737 568 818 quidem
589 731 706 805 ἔννοσις
727 732 908 813 ἐννοσίχθονν
928 731 1138 808 ἐννοσίφυλλος
1159 757 1220 797 ser·

129 838 219 899 verit.
265 839 364 904 Quam
389 838 623 899 inconstantiam
651 839 768 899 diverse
795 838 856 899 viri
885 838 965 898 docti
993 837 1144 915 explicare
1170 839 1221 898 vel

130 940 259 1016 effugere
278 942 465 1002 studuerunt.
509 940 715 1000 Audacissime
736 945 836 1000 autem
854 941 1006 1001 Behlrerus
1028 940 1079 1021 qui
1100 942 1134 999 in
1156 959 1220 1000 car·

128 1041 256 1102 minibus
284 1043 454 1103 Homericis
482 1025 646 1102 formarum
673 1043 915 1123 aequabilitatem
942 1041 1031 1103 nimis
1058 1043 1221 1103 adfectavit

130 1143 166 1220 (v.
182 1146 284 1204 sohed.
300 1146 390 1206 Hom.
407 1147 433 1204 Ι.
455 1167 484 1223 p.
503 1149 581 1204 212:
604 1144 652 1204 dia
673 1145 786 1204 homer.
806 1146 939 1230 Spraohe
959 1145 1088 1205 brauoht
1108 1144 1220 1220 gleich-

129 1246 313 1308 bedeutende
335 1247 464 1307 Formen
486 1247 646 1306 aurdanu
667 1249 765 1308 naban
787 1248 944 1321 einander,
973 1267 1063 1308 wenn
1088 1248 1131 1306 sie
1153 1247 1220 1305 dem

129 1349 310 1408 metrischen
331 1349 457 1409 Gohalte
478 1350 556 1409 nach
577 1349 774 1408 verschieden
796 1351 885 1428 sind),
914 1369 981 1409 cum
1003 1350 1052 1408 Ias
1075 1348 1220 1426 syllabam

128 1451 303 1527 productam
318 1447 381 1510 εἰν·
402 1451 576 1530 postularet,
598 1456 722 1529 propter
737 1447 940 1524 εἰνοσίφυλλον
955 1449 1136 1526 singularem
1155 1451 1217 1510 cod.

130 1551 255 1613 Vindob.
284 1553 445 1614 lectionem
467 1554 489 1625 ζ.
509 1559 570 1613 310
600 1557 719 1612 secutus
746 1553 859 1633 ubique
885 1549 1064 1633 εἶνοσίγοοος
1088 1553 1220 1613 restituit

130 1653 252 1730 (othl.
274 1661 374 1734 p.33.
395 1657 484 1734 164),
514 1655 593 1736 quod
621 1674 693 1714 sane
722 1675 789 1714 curu
816 1655 958 1736 antiquae
987 1656 1218 1733 orthographiae

130 1775 206 1816 more
227 1777 292 1816 non
308 1763 436 1835 puguat;
458 1757 602 1816 Lehrsius
624 1777 696 1816 vero
720 1753 896 1834 εἰνοσίγοιος
911 1763 1035 1836 propter
1056 1757 1219 1834 diphthon-

130 1876 231 1930 gcrum
253 1861 320 1918 fere
340 1860 571 1939 aequisonarum
593 1877 665 1918 ενοι
678 1859 821 1919 viciniam
836 1860 934 1918 minus
955 1860 1103 1936 placuisse
1124 1878 1219 1939 eaque

132 1958 165 2018 de
186 1979 277 2020 causa
298 1961 443 2041 liquidam
458 1962 607 2040 duplicem
629 1981 693 2022 esse
708 1961 871 2040 praelatam
885 1961 1064 2035 imaginatus
1079 1967 1134 2020 est.
1178 1964 1220 2020 At

131 2061 192 2139 quis
214 2063 251 2122 de
268 2064 450 2124 Graecorum
472 2065 639 2142 euphoniae
655 2083 744 2124 seusu
759 2084 798 2124 ex
813 2067 917 2121 nostra
932 2063 1049 2122 ratione
1070 2068 1151 2123 recte
1174 2063 1218 2120 di·

131 2161 325 2228 iudicaverit?
368 2166 478 2226 Melius
499 2166 618 2226 Lehrsii
647 2165 782 2244 opinioni
803 2164 1050 2224 Friedlaenderus
1076 2166 1108 2223 iu
1130 2166 1217 2224 Iahu.

131 2283 196 2326 ann.
211 2287 241 2328 v.
257 2270 310 2328 79.
329 2267 441 2345 (1859)
460 2289 491 2345 p.
510 2274 571 2328 824
594 2269 795 2346 suspicionem
816 2267 986 2340 subnexuit,
1009 2273 1133 2346 propter
1154 2262 1218 2325 ἐνο-

132 2365 241 2443 σίχθων
257 2373 373 2430 formae
392 2391 497 2432 sonum
512 2373 639 2430 tortasse
658 2366 839 2448 ἐννοσίγαιος
861 2369 973 2429 dictum
987 2368 1079 2428 fuisse
1097 2375 1132 2428 ut
1149 2389 1217 2447 pro-

133 2471 277 2532 nuntiatio
301 2473 426 2532 duarum
446 2493 555 2536 vocum
577 2463 770 2548 cognatarum
792 2471 993 2532 concordaret.
1038 2471 1217 2552 Plerumque

133 2574 217 2634 metri
243 2594 336 2634 causa
353 2576 376 2634 ii
401 2575 452 2655 qui
468 2575 597 2653 priscam
617 2575 816 2636 litteraturam
832 2573 937 2634 Ionica
953 2577 1144 2636 mutaverunt
1163 2594 1217 2652 pro

131 2675 251 2736 arbitrio
282 2678 333 2738 hic
354 2677 602 2737 adsimilatiouem
627 2677 692 2736 illio
712 2677 937 2753 productionem
960 2678 1218 2755 conpensatoriam

130 2778 300 2839 adhibuisse
321 2785 465 2857 putantur
487 2779 536 2857 (cf.
554 2781 682 2839 Ahrens.
700 2799 822 2854 gramm.
839 2778 866 2858 5.
882 2784 953 2838 146.
969 2799 998 2856 p.
1013 2779 1082 2838 170.
1106 2779 1216 2839 Amaia.

130 2897 156 2954 p.
169 2882 231 2959 33),
256 2882 337 2961 quod
352 2883 519 2961 praefracte
534 2882 637 2957 negari
655 2881 770 2962 nequit.
813 2881 871 2940 Sed
892 2881 957 2942 veri
975 2881 1071 2940 simile
1090 2886 1137 2940 est
1155 2901 1217 2940 nou

130 2979 212 3056 plane
234 3003 292 3062 pro
308 2984 432 3044 arbitrio
455 2985 505 3044 sed
523 2985 684 3043 secundum
701 2984 842 3043 traditam
859 2982 1132 3062 pronuntiationem
1154 3003 1216 3041 am-

131 3082 216 3158 bigua
237 3085 419 3166 antiquioris
440 3086 592 3164 alphabeti
615 3085 701 3161 signa
721 3085 904 3163 transposita
926 3103 1004 3157 esse,
1029 3103 1120 3163 quare
1142 3085 1217 3143 mihi

131 3185 247 3263 quidem
266 3188 467 3248 inconstantia
483 3189 544 3260 illa,
568 3206 627 3266 qua
648 3187 733 3248 iuxta
750 3186 903 3266 antiquius
925 3182 1107 3263 ἐννοσίγαιος
1128 3186 1217 3246 simul

130 3291 278 3350 recentius
295 3287 499 3365 εἰνοσίφυλλος
513 3291 645 3368 adparet,
662 3289 821 3349 transitum
835 3289 982 3368 quendam
997 3289 1034 3346 ab
1046 3287 1216 3368 antiquiore

131 3389 165 3448 ad
184 3392 383 3453 recentiorem
404 3397 532 3452 aetatem
550 3391 726 3452 elocutionis
741 3391 919 3451 Homericae
939 3391 1059 3452 videtur
1072 3389 1214 3448 indicare.

131 3492 218 3554 Recte
239 3499 341 3556 autem
363 3495 512 3555 hmaisius
533 3495 764 3573 duplicationem
786 3515 825 3555 ex
843 3493 966 3553 Aeolica
985 3491 1215 3570 praepositionis

133 3587 173 3652 ivl
187 3598 286 3657 forma
299 3593 361 3656 ἒνν-
379 3595 465 3675 (Ahr.
475 3599 501 3657 I.
519 3619 549 3675 p.
563 3597 625 3676 56),
647 3617 700 3674 pro
717 3615 776 3675 qua
789 3598 839 3655 Ias
852 3597 977 3675 praebet
991 3590 1058 3665 εἰν,
1080 3597 1215 3672 repetere

133 3697 239 3774 uoluit;
262 3719 361 3779 nequa
382 3719 453 3760 vero
476 3701 515 3759 ad
532 3701 611 3759 hauc
632 3718 752 3758 necasse
775 3703 820 3758 est
834 3699 1005 3758 remittatur
1024 3689 1149 3764 sterilior
1165 3695 1214 3756 vel

133 3790 271 3874 strideas,
302 3821 368 3861 oum
390 3821 425 3862 ea
446 3802 602 3880 productio
625 3803 705 3861 tacta
729 3820 793 3860 esse
814 3801 951 3862 videatur
972 3799 1075 3858 littera
1097 3811 1115 3855 σ
1138 3816 1215 3876 quae

134 3897 227 3963 meet
246 3903 279 3962 iu
298 3904 399 3964 fronte
415 3925 523 3966 vocum
542 3897 594 3973 tte
613 3904 664 3982 (of.
681 3903 733 3976 sal,
756 3904 837 3962 (lurt.
854 3921 883 3978 p.
898 3899 971 3976 500)
987 3905 1018 3959 et
1035 3889 1107 3967 tote
1130 3897 1168 3977 (ἓ.
1184 3901 1213 3978 1)

135 4005 253 4076 extrita,
284 4027 382 4087 neque
407 4007 445 4065 ad
465 4005 620 4067 Aeolicum
642 4019 727 4063 σονν-
755 4025 809 4082 pro
839 3999 906 4062 ovat
927 4003 965 4061 ab
987 4003 1063 4062 Ahr.
1079 4003 1104 4060 Ι.
1127 4022 1156 4079 p.
1174 4001 1213 4060 57

137 4108 317 4183 propositum
331 4109 435 4188 (etiam
446 4107 601 4168 Aloaicum
615 4099 805 4182 νἰσνννένημι,
820 4125 849 4167 ν.
863 4103 971 4178 Bergk.
990 4107 1053 4164 not.
1060 4103 1098 4162 ad
1112 4103 1151 4163 fr.
1165 4107 1216 4178 18,

135 4206 208 4267 redit
229 4212 266 4270 ad
288 4205 505 4288 ἆσον-Ῑέτημις
529 4210 565 4268 de
586 4207 671 4270 verbi
692 4204 761 4284 ἵημι
779 4208 882 4268 littera
901 4205 1012 4266 initiali
1033 4224 1062 4266 ν.
1080 4206 1160 4266 Ourt.
1181 4205 1214 4265 in

136 4303 237 4373 Philol.
254 4315 312 4374 111.
336 4335 366 4392 p.
384 4314 411 4388 7,
435 4319 474 4374 et.
492 4334 520 4391 p.
539 4311 613 4390 552)
636 4309 827 4371 Homericum
850 4303 984 4386 συννεχὲς
1002 4308 1048 4368 Μ.
1065 4313 1115 4368 26.
1138 4329 1156 4368 ι.
1173 4307 1212 4365 74
