3092 5002
805 516 844 579 16

277 662 424 749 ἒγρήγορα
453 670 602 729 derivatae
633 688 697 728 esse
725 671 762 730 of.
790 669 960 730 Buttmann.
988 691 1030 745 gr.
1058 670 1107 729 Gr.
1125 671 1166 728 ΙΙ.
1192 690 1221 746 p.
1246 673 1305 728 158
1338 676 1368 728 et

278 772 407 832 Lobeok.
426 771 491 830 add.
511 772 552 830 ib.
571 776 602 831 et
618 791 647 847 p.
666 776 716 830 25.
749 770 788 850 (ᾖ.
805 778 833 832 8.
850 773 893 831 ΙΙ.
916 774 957 852 3,)

363 866 490 950 ἅσμενος
505 893 559 950 pro
575 864 703 948 ἡσμὲνος
718 874 867 933 Ameisius
882 895 912 951 p.
929 879 965 932 12
983 893 1047 934 esse
1061 873 1165 936 voluit.
1189 871 1228 952 (5.
1242 877 1269 932 5.
1286 875 1311 932 1.
1324 871 1367 950 2.)

363 977 395 1054 7)
417 976 544 1035 Restant
564 976 706 1034 adverbia
721 977 865 1055 quaedam
886 977 965 1036 inter
985 996 1060 1058 quae
1079 979 1115 1035 de
1137 967 1246 1050 ἄμυδις
1268 981 1299 1035 et
1320 967 1369 1034 ἅλ-

276 1075 359 1147 λυδις
379 1077 463 1136 nulla
489 1083 535 1137 est
555 1076 701 1137 dubitatio
725 1078 798 1157 quin
825 1083 906 1138 recte
926 1078 1104 1140 iudicaverit
1124 1078 1315 1137 Herodianus
1336 1097 1367 1136 π.

276 1183 348 1238 καθ.
374 1199 424 1257 πρ.
442 1181 466 1236 Ι.
486 1199 516 1254 p.
535 1183 611 1238 512:
641 1171 676 1236 toi
701 1174 732 1238 δὲ
748 1180 790 1260 τῷ
815 1174 1076 1260 ῦπαραληγόμενα
1095 1172 1365 1256 προπαροξόνεται,

277 1273 406 1353 ἄλλυδις,
424 1273 542 1356 ἄμυδις,
559 1287 633 1356 etp.
648 1285 717 1355 541,
738 1287 775 1340 10
787 1303 840 1362 sq,
857 1303 888 1340 π.
905 1275 958 1340 ’Ia
970 1303 1020 1361 πρ.
1032 1284 1068 1341 ad
1082 1283 1106 1342 I.
1119 1290 1147 1342 6.
1164 1282 1217 1361 (II,
1231 1287 1280 1355 62,
1298 1281 1367 1361 38):

276 1375 386 1458 ἄμυδις
402 1416 445 1427 -
464 1379 618 1460 ἐξαιρέτως
640 1383 741 1459 τρίτην
766 1375 826 1443 circo*
852 1380 954 1453 τέλους
971 1381 1030 1460 ἔχει
1052 1377 1106 1459 τὴν
1130 1377 1244 1454 ὀξεῖαν·
1261 1419 1303 1429 -
1316 1380 1368 1442 καὶ

277 1483 341 1545 ἐπεὶ
362 1478 490 1562 Ateium}
508 1478 528 1561 ἡ
549 1478 661 1562 τροπή,
684 1481 735 1543 καὶ
758 1478 777 1544 o‘
797 1481 882 1555 τόνος
898 1478 1039 1555 Αἰολικὸς
1057 1482 1107 1545 καὶ
1125 1476 1158 1546 td
1177 1487 1302 1562 πνεῦμα.
1324 1521 1368 1530 -

276 1579 497 1666 Ἐπισμυγερῶς
517 1610 546 1649 v.
566 1586 595 1666 §.
615 1593 641 1648 5.
660 1590 695 1660 I.,
718 1587 744 1667 ς.
763 1595 790 1646 8.
811 1591 868 1648 ΠΙ.
888 1595 915 1649 3.

363 1692 409 1748 De
432 1683 530 1759 αὕτως
557 1691 698 1751 adverbio
729 1711 788 1771 quo
809 1691 874 1750 iure
896 1689 1044 1749 Linderus
1072 1690 1105 1749 in
1125 1690 1274 1765 Philolog.
1292 1692 1366 1751 XII.

276 1813 305 1869 p.
324 1797 383 1851 385
409 1791 575 1868 scripserit:
605 1794 693 1873 ‘quod
715 1826 758 1836 —-
780 1795 864 1852 sedes
890 1799 1029 1852 accentus
1050 1796 1163 1852 mutata
1184 1794 1368 1853 Aeoiismum

274 1895 397 1968 redolet,
419 1915 481 1958 non
507 1892 615 1954 mirum
642 1896 780 1954 videatur
807 1895 839 1953 in
863 1895 994 1954 Homero
1016 1894 1127 1973 quippe
1155 1895 1207 1973 qui
1228 1895 1368 1956 Aeolicus

276 1997 400 2056 subinde
423 1996 543 2056 dialecti
564 1996 702 2072 exempla
724 1999 867 2074 praebere
888 1992 1072 2074 reperiatur’,
1094 1996 1204 2056 nescio.

668 2385 780 2488 baput
806 2382 970 2487 primum.

603 2539 651 2604 De
674 2539 790 2620 spiritu
812 2539 1034 2621 censorisque.

646 2709 672 2788 S.
696 2717 724 2770 2.
769 2713 822 2770 De
844 2711 999 2787 spiritu.

363 2829 556 2890 Aeolensium
583 2831 705 2907 spiritus
733 2831 829 2906 asperi
857 2830 980 2891 evitatio
1005 2849 1094 2910 quarn
1123 2834 1240 2889 veteres
1270 2849 1366 2904 gram·

278 2931 378 2992 matici
400 2935 437 2992 ad
457 2953 550 2992 unum
574 2953 675 2992 omnes
691 2953 812 3009 prorsus
830 2932 958 2992 valuisse
974 2931 1125 2991 testificati
1147 2931 1264 3010 sanat),
1286 2933 1367 2992 inter

278 3035 459 3095 recentiores
475 3035 518 3095 lis·
537 3040 583 3096 est
604 3035 802 3096 artioribusne
824 3034 962 3094 cancellis
978 3033 1244 3092 circumscribenda
1265 3035 1305 3094 sit
1327 3053 1365 3092 an

278 3140 343 3197 tota
359 3137 537 3213 accipienda
581 3137 746 3196 Ahrenaius
768 3137 888 3216 quidem
910 3137 952 3195 sio
966 3136 1172 3212 pronuntiavit
1192 3137 1217 3196 Ι.
1237 3141 1286 3209 24,
1311 3142 1366 3196 28:

192 3219 196 3225 Δ
278 3239 396 3319 ιΔεοΙθε
416 3241 543 3299 Asianos
564 3259 630 3298 curn
651 3239 774 3318 reliquis
797 3238 916 3297 Graecis
936 3239 999 3296 fere
1021 3256 1205 3297 communem
1226 3238 1365 3298 habuisse

279 3363 415 3422 asperum
438 3361 484 3401 es
503 3341 578 3416 velj
602 3347 713 3414 natum,
736 3347 839 3400 eontra
860 3340 926 3398 aliis
945 3342 980 3398 de
1001 3340 1096 3399 causis
1111 3339 1276 3399 recentiore
1290 3347 1365 3399 tem-

279 3466 351 3524 pore
373 3446 405 3503 in
426 3445 493 3503 aliis
514 3443 648 3502 dialectis
666 3443 798 3502 additum
818 3438 984 3518 respuisse’,
1008 3460 1096 3519 quam
1117 3441 1213 3516 legem
1229 3441 1365 3521 plerique

278 3549 442 3624 probarunt
457 3545 496 3621 (v.
515 3547 665 3604 Kuehner.
684 3565 727 3620 gr.
745 3545 794 3604 Gr.
814 3545 858 3603 ed.
876 3545 918 3602 II.
937 3563 965 3619 p.
980 3543 1029 3615 97,
1051 3543 1151 3620 alios);
1173 3544 1224 3602 alii
1242 3564 1303 3602 non
1321 3545 1365 3602 di·

278 3651 460 3722 iudicarunt;
482 3648 542 3721 alii,
567 3647 739 3724 (11εεὶυωῖ)
758 3645 822 3704 dieo
847 3647 887 3724 (p.
903 3645 1083 3724 aea-374)
1107 3650 1136 3706 et
1152 3645 1313 3720 Bergkium
1332 3647 1364 3704 in

279 3765 358 3828 poet.
374 3752 458 3830 lyric.
472 3751 530 3808 III.
547 3754 574 3807 3.
597 3769 625 3826 p.
643 3751 718 3821 876,
740 3754 857 3809 veteres
880 3747 973 3807 secuti
990 3748 1105 3806 nullum
1123 3748 1220 3825 asperi
1243 3746 1365 3822 spiritus

278 3875 365 3914 usum
392 3853 590 3912 Aeolensibus
619 3851 728 3910 rectius
758 3857 974 3910 concesserunt
1023 3851 1099 3908 Nam
1128 3867 1271 3928 perquam
1300 3849 1364 3907 veri

280 3955 375 4016 simile
404 3960 450 4014 eat
472 3955 549 4014 hane
571 3954 782 4030 proprietatem
805 3972 894 4031 quam
920 3955 996 4012 bene
1017 3951 1069 4009 ille
1091 3971 1119 4026 p.
1138 3955 1198 4008 209
1222 3951 1365 4009 adtenua-

279 4057 392 4116 tionem
421 4062 515 4116 status
544 4055 694 4116 cuiusdam
723 4054 875 4130 originarii
905 4054 993 4136 (pino
1021 4052 1146 4112 relative
1173 4049 1363 4132 Entartung’)

349 4210 374 4268 6)
393 4209 425 4256 ef.
443 4208 516 4257 Giese
533 4224 558 4270 p.
572 4210 714 4256 339-362.
728 4209 785 4254 368.

350 4294 375 4354 7)
394 4294 516 4341 Ameisius
535 4309 559 4354 p.
574 4297 587 4341 7
606 4291 757 4341 caecutiebat
773 4291 856 4338 dicens
874 4289 984 4339 Giesium
1001 4305 1026 4351 p.
1040 4289 1089 4338 338
1108 4288 1272 4349 grammaticis
1290 4287 1363 4335 fldem

279 4392 329 4425 non
346 4377 485 4426 habandam
503 4379 622 4438 docuisse,
642 4393 703 4437 quae
722 4376 823 4425 Seidleri
841 4377 920 4424 irrorat
936 4375 1070 4435 persuasio.
