3114 4994
824 515 885 582 118

303 677 394 735 ‘Ourt
410 676 446 734 de
460 677 550 748 temp.
569 677 600 734 et
616 674 693 732 mod.
710 692 740 750 p.
755 672 842 750 161);
864 677 953 750 atque
968 671 1089 750 Trypho
1104 673 1156 753 qui
1176 673 1255 734 idem
1275 675 1309 733 in
1331 694 1398 752 per·

312 777 398 838 fectis
411 775 654 852 reduplicationis
669 775 857 834 omissionem
872 765 976 844 πάθος
985 766 1128 834 Αἰολιτόν
1141 775 1263 836 vocavit
1274 776 1360 853 (nur.
1371 779 1397 838 Ι.

311 899 342 954 p.
356 879 428 956 147)
451 897 518 938 cum
538 877 742 954 pleonasmum
763 882 794 937 et
807 877 932 936 Ionibus
953 881 984 937 et
1000 877 1197 937 Aeolensibue
1217 878 1398 942 vindicavit:

310 981 438 1057 legimus
460 979 550 1040 etiam
573 972 778 1038 err-rotomo
800 980 832 1037 in
854 978 882 1036 S.
899 979 936 1038 fr.
952 985 1001 1053 93,
1018 985 1046 1038 2.
1063 985 1090 1037 3.
1132 979 1190 1037 Sed
1212 999 1252 1039 ex
1272 983 1398 1063 antiquo

312 1101 394 1143 more
414 1087 521 1160 poetae
540 1081 614 1141 illud
635 1082 866 1141 additamentum
888 1082 1108 1158 adoptaverant

454 1267 480 1346 ς.
505 1268 565 1327 17.ι
596 1269 650 1327 De
673 1268 945 1344 coniugatione
967 1268 1006 1326 in
1028 1289 1052 1326 cc
1074 1243 1245 1330 exeunte.

400 1387 429 1466 1)
452 1387 668 1446 creberrimum
683 1387 940 1462 grammaticorum
954 1391 1144 1464 praeceptum
1159 1409 1217 1469 quo
1233 1390 1397 1450 Aeolenses

312 1490 345 1548 in
363 1491 531 1550 verborum
558 1509 684 1569 quorum
709 1489 799 1565 stirps
824 1488 939 1569 liquida
963 1489 1121 1549 terminata
1147 1494 1193 1549 est
1220 1491 1340 1552 coriatis
1367 1499 1398 1552 et

311 1590 454 1650 iuturiso
474 1590 634 1650 inseruisse
656 1591 795 1651 dicuntur
814 1609 912 1670 neque
930 1590 1048 1649 aliunde
1068 1590 1167 1650 fulciri
1184 1597 1284 1668 potest
1298 1612 1397 1674 neque

313 1692 452 1767 congruit
478 1713 544 1752 cum
571 1694 692 1770 proprie
715 1693 896 1772 liquidarum
926 1692 1133 1768 geminatione.
1182 1693 1276 1756 Recte
1304 1695 1397 1772 igitur

258 1819 263 1824 ·
311 1795 479 1854 Ahrcnsins
500 1815 529 1870 p.
546 1800 604 1854 182
626 1796 781 1871 perspexit
802 1799 924 1872 propter
938 1798 1097 1854 retractum
1111 1800 1265 1856 accentum
1279 1797 1310 1856 id
1329 1818 1395 1874 pro·

311 1898 413 1957 batum
434 1897 535 1956 fuisse.
578 1897 635 1972 Sed
657 1898 700 1956 ita
715 1916 750 1957 ea
764 1897 866 1975 opinio
880 1897 1060 1958 inveteravit
1080 1902 1114 1957 ut
1128 1897 1192 1973 ipse
1206 1898 1396 1960 Herodianus

312 1999 421 2059 abhinc
442 1997 568 2076 psiloein
589 1999 741 2058 Aeolicam
770 1998 809 2077 (S.
829 2004 855 2060 1.
874 2000 915 2058 ΙΙ.
933 1999 964 2078 5)
990 1998 1154 2074 postularet
1179 1999 1212 2058 in
1240 1996 1326 2058 ἔλσαν
1351 1994 1395 2061 ὅτι

310 2097 514 2179 Αἰολικωτέρα
534 2090 553 2175 ἡ
572 2098 664 2169 κλίσις
679 2100 719 2178 (v.
736 2101 814 2162 Gies.
831 2122 860 2178 p.
875 2101 959 2178 275),
980 2101 1053 2160 item
1067 2102 1106 2158 A.
1125 2106 1184 2159 136
1207 2102 1239 2160 in
1256 2094 1395 2176 ἄρσαντες

311 2204 392 2283 quod
412 2203 464 2262 alii
478 2201 601 2262 Aeolica
622 2222 752 2280 syncope
772 2223 828 2280 pro
849 2194 1030 2281 ἇρμόσαντες
1048 2207 1145 2263 ortum
1161 2203 1310 2278 dixerunt,
1331 2205 1394 2282 ipse

310 2297 371 2364 too*
393 2306 448 2364 τοῦ
464 2297 537 2383 ὂὶρω,
561 2291 598 2363 οὗ
616 2296 635 2364 o‘
653 2301 763 2380 μέλλων
779 2297 922 2374 Αἰολικὸς
943 2295 1026 2381 ὅρσω
1042 2305 1189 2366 derivavit
1210 2306 1300 2382 (idem
1315 2308 1395 2369 valet

310 2408 346 2467 de
364 2392 458 2485 cicero
473 2409 511 2465 A.
526 2411 573 2466 10.
595 2428 624 2467 v.
641 2408 731 2468 schol
749 2408 783 2466 L.
800 2407 878 2466 Gies.
892 2426 921 2482 p.
933 2407 1017 2482 407),
1040 2406 1092 2467 ubi
1107 2406 1297 2468 Aristarchus
1311 2429 1394 2487 aspe-

308 2529 376 2569 rum
397 2509 555 2585 scripserat
575 2528 664 2588 quem
686 2509 803 2570 notavit
823 2509 953 2585 Epimer.
974 2511 1077 2568 auctor
1097 2507 1130 2568 in
1151 2507 1245 2571 Cram.
1263 2513 1321 2570 An.
1338 2512 1392 2571 Ox.

312 2632 342 2688 p.
358 2611 426 2684 174,
445 2616 478 2681 1;
507 2603 648 2688 deturpes
667 2612 703 2668 Κ.
717 2617 789 2671 456.
811 2613 847 2670 ab
869 2610 992 2670 Aeolioo
1013 2611 1113 2670 futuro
1133 2604 1229 2687 κέρσω
1249 2615 1395 2690 repetitur

310 2733 342 2772 τι.
359 2710 428 2790 <ispa
445 2712 487 2771 H.
509 2712 627 2788 poor,
646 2717 694 2770 15.
737 2713 885 2772 Plurimae
908 2718 1006 2772 autem
1027 2718 1115 2772 uotae
1137 2715 1393 2788 grammaticorum

310 2813 510 2889 cognitionem
532 2813 603 2873 satis
625 2813 759 2874 mutilam
777 2816 905 2876 tradunt.
950 2813 1086 2872 Genuina
1106 2833 1177 2874 vero
1200 2834 1236 2874 aa
1255 2816 1393 2878 formatio

310 2919 357 2976 est
379 2916 494 2992 quaed
516 2914 658 2996 liquidam
686 2916 781 2993 ipsam
803 2917 905 2976 suffixi
925 2930 943 2972 o
964 2915 1142 2992 adplicatur,
1173 2916 1256 2977 cuius
1277 2918 1311 2978 in
1332 2925 1394 2980 tota

301 3017 411 3092 lingua
432 3017 556 3094 sparsim
578 3017 715 3095 exempla
736 3019 1010 3095 deprehenduntur;
1038 3017 1181 3094 paulatim
1202 3023 1303 3080 tamen
1324 3023 1394 3102 quia

302 3119 488 3199 'liquidarum
516 3140 582 3178 cum
609 3137 627 3178 o
655 3141 813 3181 concursus
840 3121 1016 3180 Graecorum
1044 3120 1177 3193 auribus,
1206 3126 1240 3190 ut
1267 3123 1392 3196 videtur,

310 3221 409 3280 minus
431 3220 528 3280 suavis
550 3227 615 3282 erat
642 3220 683 3298 (v.
702 3224 781 3282 Gurt
799 3224 835 3282 de
853 3228 942 3298 temp.
967 3229 998 3281 et
1012 3223 1089 3281 mod.
1109 3242 1138 3298 p.
1154 3224 1226 3283 287.
1253 3224 1393 3285 Leskien.

309 3323 393 3382 Stud.
409 3323 450 3381 II.
472 3343 502 3398 p.
518 3323 584 3401 80),
613 3326 640 3383 is
668 3326 700 3384 in
728 3325 862 3386 dialectis
888 3324 1005 3384 diverso
1034 3324 1132 3411 modo⁸
1148 3325 1332 3386 evitabatur:
1361 3327 1393 3385 iu

308 3425 418 3486 futuris
439 3429 491 3484 aut
509 3439 526 3481 o
547 3425 713 3490 elidebatur
734 3434 764 3486 et
785 3446 824 3486 eor
840 3426 890 3486 vel
906 3425 1032 3485 solutum
1048 3427 1098 3487 vel
1112 3431 1295 3486 contractum
1310 3433 1392 3489 tene·

308 3529 396 3588 batur
413 3530 464 3587 aut
481 3527 557 3587 siout
574 3527 606 3586 in
621 3529 738 3589 aurietis
757 3528 835 3604 apud
849 3527 1012 3586 Aeolensee
1028 3515 1149 3607 liquidis
1163 3529 1391 3604 adsimilabatur‚

310 3650 377 3690 cum
397 3630 506 3709 reliqui
528 3630 632 3690 Graeci
654 3631 878 3706 productionem
900 3629 1083 3688 adhiberent.

394 3734 425 3810 2)
448 3734 474 3790 E
495 3731 703 3793 terminatione
731 3750 777 3790 εια
804 3750 866 3800 croc
890 3749 930 3789 ειε
957 3749 1046 3809 quam
1067 3730 1243 3805 Aeolenses,
1272 3733 1298 3792 si
1326 3754 1390 3794 oum

308 3835 457 3894 ameneio
472 3835 497 3893 I.
519 3854 548 3910 p.
568 3839 636 3894 148.
657 3835 700 3895 H.
718 3853 747 3909 p.
763 3839 823 3893 335
852 3833 1051 3908 grammaticis
1076 3832 1150 3892 fides
1175 3834 1312 3894 habenda
1337 3843 1389 3909 cst,

304 3936 340 3994 in
355 3954 415 3994 aor.
432 3935 457 3993 I.
474 3941 530 3995 act.
550 3941 609 4012 opt.
630 3936 831 3996 exhibuerunt
845 3933 1028 4015 aliquantum
1043 3934 1261 3994 firmamentum
1276 3938 1390 3997 adcedit

305 4037 458 4096 ¹Aeolismo
480 4037 639 4098 Homerico
661 4056 750 4117 quem
770 4042 893 4113 propter
918 4036 1060 4116 liquidam
1086 4036 1264 4112 geminatam
1286 4039 1388 4099 statui·

308 4155 373 4198 mus
388 4137 426 4215 (S.
438 4138 505 4215 7.1)
521 4131 678 4212 ὀφέλλειεν,
694 4157 880 4218 quamquam,
897 4143 931 4200 ut
944 4137 1094 4197 locutione
1109 4141 1176 4198 uter
1190 4139 1387 4214 Herodianea,

309 4236 494 4316 (π.ρηρ.ΙΙ,
516 4247 630 4317 p.823,
652 4241 703 4319 17)
733 4242 773 4322 τῷ
795 4235 847 4315 μὲν
873 4244 892 4300 ἆ
920 4235 1072 4321 προσώπῳ
1102 4236 1133 4298 οἱ
1151 4238 1272 4312 Αἰολεῖς
1298 4235 1387 4319 μόνοι

272 4345 280 4362 “
309 4335 470 4418 κέχρηνται,
492 4343 533 4424 τῷ
556 4338 587 4402 δὲ
601 4338 728 4424 δευτέρῳ
750 4339 801 4402 καὶ
822 4340 909 4425 τρίτῳ
930 4338 982 4402 καὶ
1003 4339 1035 4402 oi
1053 4333 1215 4418 Ἀθηναῖοι.
1259 4344 1386 4404 Aristar·
