3092 4996
667 457 705 524 81

152 613 224 671 sedis
245 611 451 674 obseruatione
474 613 641 674 derivamus
668 613 783 693 aliquid
799 615 1001 674 'emolumenti
1029 616 1176 678 redundat
1198 625 1232 678 ut

151 735 247 776 vorem
275 735 329 794 pro
359 716 523 775 certissimo
551 717 679 792 vestigio
711 737 749 776 ex
777 717 899 777 Aeolica
925 718 1006 796 poesi
1036 719 1068 778 in
1101 721 1232 781 earmina

151 818 303 877 Homerios
317 823 437 896 reoepto
453 819 642 880 iudicandam
657 841 720 881 esse
734 821 961 894 contendamus3
977 822 1118 898 probavit
1132 829 1229 882 autem

150 921 325 980 taoliemum
342 921 506 980 rectissime
521 923 640 982 Curtius
663 945 691 1002 p.
706 929 776 982 668.
822 923 954 982 Offensio
977 941 1049 984 vero
1072 929 1137 984 arat
1158 925 1231 985 viris

150 1023 239 1082 dootis
260 1024 337 1103 quod
361 1045 389 1082 α.
406 1029 445 1082 29
470 1024 645 1100 Aegisthus,
668 1028 756 1086 homo
779 1025 1030 1098 seeleratissimus,
1053 1027 1156 1086 eodem
1179 1048 1231 1086 uo·

149 1125 223 1184 mine
244 1125 413 1186 honorabili
436 1125 590 1188 decoratus
613 1134 673 1202 est3
695 1128 871 1188 Eustathins
893 1127 1013 1207 quidem
1035 1148 1063 1204 p.
1082 1130 1171 1202 1857,
1191 1135 1230 1188 43
1295 1201 1301 1214 υ

150 1227 189 1286 sio
208 1227 323 1288 loeutus
346 1233 406 1288 eet:
438 1221 638 1304 ἆμόμαιν.τταλ
662 1228 809 1310 Αἴγισθος
832 1225 881 1288 καὶ
906 1225 1013 1306 ἕτεροι,
1042 1231 1150 1301 φαῦλοι
1180 1227 1232 1307 μὲν

148 1321 249 1400 illuc,
278 1323 397 1406 όὶμοομοι
426 1325 457 1388 di
478 1323 540 1388 κατ’
561 1324 686 1410 όνᾶρλοιν
712 1325 840 1411 ἢγὲνος
863 1323 882 1406 ἥ
909 1331 1109 1410 τιιτοιοῠτου,
1141 1353 1231 1412 quam

148 1431 418 1511 interpretationem
433 1436 463 1492 0.
476 1435 509 1492 F.
521 1435 670 1494 Ameisius
685 1435 816 1513 adripuit
831 1437 868 1493 ab
880 1435 919 1496 H.
931 1435 1060 1496 Webero
1076 1435 1105 1493 in
1120 1435 1229 1496 Philol.

148 1534 227 1593 XVI.
243 1557 271 1612 p.
286 1538 357 1594 712.
374 1537 434 1594 713
457 1535 499 1594 sio
514 1541 648 1598 notatus:
673 1559 718 1610 „a
734 1542 772 1594 29
797 1539 836 1595 ist
860 1529 986 1611 iipiipun
1008 1537 1104 1597 falech
1120 1539 1232 1598 erkliirt

148 1639 220 1697 naoh
241 1639 295 1697 der
316 1639 538 1698 herrsehenden
556 1639 774 1714 Tradition,1es
796 1639 891 1698 heisst
913 1639 1032 1711 „stark“
1054 1640 1115 1698 und
1138 1643 1232 1715 hdngt

148 1741 198 1799 mit
219 1732 324 1814 όμόνω
347 1759 524 1808 zusammen,
548 1742 680 1802 daduroh
693 1741 762 1800 salit
783 1741 830 1799 die
853 1761 891 1799 an
908 1736 959 1801 dei·
974 1741 1066 1800 Stelle
1081 1745 1231 1818 gegebene

148 1861 183 1901 au
203 1843 284 1903 feine
305 1843 566 1918 Untersaheidung
588 1848 673 1918 weg“
703 1843 805 1923 (quam
827 1843 1056 1917 originationem
1079 1845 1231 1905 Hirzelius

148 1964 261 2026 quoque
282 1945 387 2006 fovere
409 1945 528 2006 videtur
548 1969 576 2024 p.
594 1949 646 2025 26)
669 1949 770 2026 atque:
802 1967 844 2019 „n
863 1951 902 2023 42
926 1946 1016 2004 kehrt
1037 1938 1176 2022 α’μόμονα
1198 1949 1231 2006 in

147 2048 208 2108 dem
228 2049 319 2108 Sinn:
348 2048 563 2108 unbesoholten
597 2049 722 2121 wieder,
756 2048 809 2106 der
837 2048 1053 2126 etymologiseh
1080 2051 1165 2109 nieht
1194 2069 1232 2110 au

148 2151 278 2212 orkliiren
294 2151 364 2210 iet.“
393 2151 451 2210 Sed
466 2171 572 2211 vereor
587 2173 623 2211 ne
639 2171 706 2211 oum
719 2151 829 2228 optimo
846 2157 1037 2229 praeceptore
1052 2171 1117 2210 meo
1133 2153 1232 2212 faeere

147 2273 203 2312 non
231 2253 358 2332 poesim
391 2273 488 2332 neque
518 2254 600 2313 enim
628 2254 787 2334 quiequam
816 2253 966 2314 Aeolismo
997 2255 1115 2314 obstare
1143 2255 1231 2314 video

146 2374 238 2435 oeque
258 2355 404 2430 intellego
427 2357 573 2434 quomodo
602 2348 729 2431 όμόμων
755 2356 853 2433 aptius
875 2357 912 2415 ab
936 2349 1040 2432 ἆμόνω
1063 2357 1231 2416 deseendat.

146 2457 320 2538 Sosupulum
350 2447 448 2516 οὖλον)
472 2477 559 2538 quem
580 2459 646 2520 loeo
668 2459 766 2518 inesse
789 2479 875 2517 nemo
897 2459 1018 2533 negabit
1052 2460 1231 2521 convenien-

146 2561 254 2621 tissime
272 2559 399 2638 expellit
414 2559 602 2634 Kirehhoffii,
625 2561 684 2621 viri
707 2561 965 2638 praestantissimi,
988 2563 1108 2636 egregia
1131 2565 1231 2622 obser·

146 2665 222 2724 vatio
245 2683 336 2745 quam
356 2661 389 2720 in
412 2663 522 2721 soholis
540 2664 704 2742 proposuit,
725 2685 829 2725 versus
852 2687 877 2720 α.
896 2669 1017 2724 29-31
1044 2666 1171 2743 pessime
1194 2687 1231 2726 ex

146 2764 169 2823 d.
186 2769 331 2826 187-89
348 2766 544 2844 transoriptos
558 2771 648 2845 atque
663 2787 772 2825 nomen
783 2759 963 2842 Ἀντιλόχοιο
979 2767 1082 2844 inepte
1098 2768 1129 2826 in
1148 2764 1231 2847 Atys-

146 2871 232 2928 σθοιο
255 2873 403 2928 mutatum
425 2888 498 2941 esse,
522 2869 605 2928 ouius
619 2873 825 2944 argumentum
849 2870 879 2927 in
897 2889 930 2930 eo
946 2870 1075 2930 maxime
1096 2876 1233 2931 versatur

147 2971 220 3049 quod
243 2971 311 3030 aliis
333 2971 406 3031 loeis
429 2989 547 3048 semper
567 2976 635 3048 post
655 2991 774 3033 versum
797 2974 872 3029 τοῖοι
895 2966 927 3030 dl
950 2965 1058 3047 μύθων
1080 2959 1149 3052 ἦρχε
1171 2975 1230 3032 κτλ.

146 3073 241 3133 statim
264 3075 359 3134 verba
379 3074 445 3152 ipsa
467 3073 594 3133 dicentis
616 3074 717 3132 addita
738 3079 815 3132 sunt.

229 3176 261 3254 2)
283 3176 465 3236 Dubitanter
486 3178 546 3235 hue
567 3177 710 3236 traxerim
733 3195 840 3234 nomen
862 3169 986 3253 Φόρκυν
1002 3197 1061 3258 quo
1083 3178 1115 3236 in
1138 3178 1232 3238 Iliade

145 3279 299 3357 Phrygum
314 3279 384 3350 dux,
407 3279 439 3338 in
456 3279 589 3357 Odyssea
603 3278 734 3338 marinus
749 3277 821 3338 deus
837 3279 1029 3352 signifieatur.
1065 3280 1232 3339 Lobeokius

145 3378 175 3437 in
203 3381 310 3457 parali,
333 3403 361 3458 p.
379 3385 440 3439 200
470 3381 641 3442 adnotavit:
674 3381 804 3464 ,nomina
827 3381 860 3440 in
890 3401 927 3438 υν
954 3381 1114 3441 terminate
1139 3401 1233 3459 pauoa

146 3489 213 3544 sunt
233 3514 277 3528 --
299 3483 411 3558 largius
434 3483 527 3543 multo
549 3482 755 3564 prolixiusque
783 3484 882 3543 fluunt
906 3483 1092 3544 substantiva
1117 3483 1147 3542 in
1172 3480 1230 3541 ου’.

145 3583 190 3644 Ile
215 3583 277 3644 illis
300 3583 398 3660 ¹igitur
424 3587 503 3663 apud
525 3587 636 3645 Herod.
666 3607 696 3644 ττ.
721 3589 792 3644 καθ.
817 3607 866 3664 πρ.
885 3587 908 3645 I.
936 3591 1040 3658 18,14
1070 3587 1231 3664 aooipimus

145 3687 232 3748 haee:
256 3680 291 3746 τό
307 3685 349 3756 εἰς
364 3683 401 3747 ιΤν
415 3681 540 3766 λήγοντα
555 3680 712 3766 βαρύνεται
729 3684 882 3765 ἐξαιρέτοις
901 3681 982 3767 τταρό
997 3685 1058 3756 τοῖς
1075 3685 1232 3746 Αἰολεῦσιν

149 3783 273 3869 Φόρκυν
299 3783 416 3849 Πόλτου
440 3783 553 3868 Γόρτυν
579 3783 678 3849 Κότυν
703 3782 812 3848 Κόττον
835 3783 930 3864 μόουν
953 3785 1056 3848 νέατον
1078 3787 1192 3861 τιλνιλυν,
1216 3809 1232 3847 e

147 3892 253 3972 quibus
283 3911 315 3950 τι.
339 3895 414 3950 aad.
436 3893 476 3952 11.
501 3897 559 3950 369
591 3912 647 3951 seo.
678 3893 835 3952 Arcadium
867 3885 967 3950 Κότυν
1001 3886 1107 3950 Κόττον
1136 3884 1233 3967 μόσυυ

145 3989 251 4068 alodos
270 4000 300 4054 et
315 4015 345 4053 ττ.
365 3993 438 4054 ullo.
457 3985 539 4069 όνομ.
557 3995 598 4053 ΙΙ.
619 3999 679 4052 628
703 4011 759 4053 seo.
782 3995 1018 4054 Choerobosoum
1040 3990 1155 4052 Πόλτου
1171 3986 1230 4053 Κό-

146 4115 198 4154 τυν
216 4091 326 4157 Κότυν
341 4093 444 4157 τίκτον
459 4091 563 4155 κίνδου
578 4095 790 4156 desiderantur.
833 4089 930 4155 Κότυν
949 4101 979 4155 et
997 4087 1106 4156 Κόττυν
1120 4095 1232 4170 ignota,

149 4189 256 4268 Κόττος
279 4205 309 4258 et
335 4191 432 4270 Κότυς
455 4199 609 4258 notissima
631 4218 695 4257 esse
710 4199 877 4258 Lobeokius
896 4198 1017 4271 addidit,
1042 4198 1232 4277 quodetiam

146 4299 226 4360 valet
242 4302 278 4358 ds
296 4295 430 4373 Πόλτυος
452 4303 555 4382 itaque
570 4321 608 4362 ex
618 4301 782 4360 Herodiani
799 4299 955 4380 disoipiina
971 4301 1146 4362 oonoiudare
1163 4300 1234 4361 lieet

902 4411 904 4418 ,
1010 4411 1028 4461 6
1054 4440 1056 4444 y
