3114 4994
692 457 752 522 127

178 612 395 673 infinitivorum
412 605 505 686 κήλην
523 603 618 688 ίίμνῦν
639 612 678 690 (v.
694 611 812 688 Sauppe
829 631 858 688 p.
871 613 924 690 28)
946 611 1023 672 siout
1040 604 1190 688 τεθναίκην
1208 631 1264 689 pro

177 708 354 772 τεθνακέναι
379 714 484 772 referri
511 715 630 792 potest).
674 714 898 774 Admirabiliter
923 714 1016 790 igitur
1043 713 1136 772 flexio
1162 733 1263 773 eorum

177 818 337 878 verborum
351 815 509 876 fluctuavit
528 815 562 874 in
577 815 689 876 Graeca
710 817 826 892 lingna3
849 835 941 895 quare
960 835 1026 875 oum
1046 815 1079 873 in
1092 816 1149 874 hae
1170 816 1266 874 forma

180 919 264 999 quasi
287 921 387 977 essent
408 917 473 994 ipra
493 919 586 978 verba
607 918 828 978 denominativa
855 917 996 976 suffixum
1017 917 1137 978 verbale
1152 917 1190 993 ja
1213 919 1263 976 ad·

178 1019 387 1096 sumpsissent,
417 1020 550 1096 suspicor
578 1039 613 1078 ea
642 1020 730 1079 etiam
752 1019 901 1078 interdum
929 1039 995 1079 oum
1021 1019 1079 1078 hoo
1103 1020 1264 1078 secundum

178 1121 343 1197 analogiam
366 1120 512 1180 declinata
531 1137 609 1195 esse,
643 1122 834 1201 quamobrem
856 1141 890 1180 aa
918 1121 951 1180 in
973 1121 1194 1181 enumeratione
1218 1121 1264 1179 in·

177 1224 327 1284 stituenda
356 1241 418 1281 non
447 1225 608 1298 segregabo
630 1225 667 1282 ab
696 1223 763 1282 aliis
792 1221 840 1298 (of.
862 1216 1035 1300 ήνιιστήθην
1051 1249 1094 1274 =
1113 1215 1264 1299 ίφιλήθην

176 1326 263 1385 iuxta
284 1317 436 1401 ἐστάθην).

263 1427 371 1486 Refero
394 1430 492 1486 autem
520 1427 557 1485 ed
582 1428 659 1486 hene
679 1427 840 1486 flexionem
871 1428 944 1486 heeo
974 1426 1003 1505 α)
1025 1447 1150 1507 quorum
1173 1427 1266 1504 stirps

178 1529 243 1590 exit
262 1528 296 1587 in
318 1547 348 1586 ιε
378 1523 537 1604 ἀπειλήτην
558 1530 581 1586 λ.
599 1534 669 1588 313.
701 1523 854 1607 δορνιήτην
876 1549 900 1587 ο.
918 1529 1050 1607 30239).
1080 1520 1263 1608 ίᾶμαρτήτην

179 1632 219 1691 N.
236 1636 307 1690 584.
330 1651 409 1691 nuno
431 1651 496 1690 oum
516 1631 612 1691 Bekk.
634 1636 665 1690 et
681 1631 771 1691 Dind.
793 1631 902 1706 legitur
925 1621 1108 1708 ὅμαρτήθηνς
1132 1627 1264 1707 ἐφομαρ-

176 1737 272 1792 τεῖτον
294 1739 392 1794 exstat
416 1731 449 1790 o.
469 1737 535 1792 191.
572 1735 610 1790 Ψ.
628 1733 712 1811 414.)
743 1725 904 1808 καλήμεναι
921 1732 956 1789 Κ.
978 1737 1045 1792 125.
1077 1726 1266 1810 πενθήμεναι

178 1837 288 1894 σ.174.
310 1855 335 1892 τ.
352 1840 419 1894 120.
443 1827 615 1912 ποθήμεναι
632 1856 661 1910 μ.
682 1840 750 1893 110.
773 1827 929 1910 φιλήμεναι
949 1834 986 1892 X.
1002 1841 1072 1894 265.
1097 1829 1263 1914 φορήμεναι

182 1937 214 1994 Ο.
228 1942 301 1997 310.
325 1938 457 2014 φορῆναι
476 1937 509 1994 Β.
526 1937 595 1995 107.
618 1937 658 1993 Η.
675 1941 743 1995 149.
762 1937 798 1993 Κ.
812 1939 884 1996 270.
908 1957 934 2013 ρ.
948 1942 1009 1995 224
1021 1938 1080 2015 ⁴⁰).
1105 1931 1265 2013 τιθήμεναι

183 2041 222 2096 Ψ.
241 2045 290 2098 83.
309 2042 379 2099 247.
410 2031 574 2115 τιθήμενον
592 2039 629 2095 K.
648 2044 697 2096 84.
730 2030 902 2114 αἰλιτήμενος
922 2036 948 2097 d.
967 2039 1037 2097 807.
1069 2038 1119 2116 (of.
1141 2041 1264 2116 stirpem

178 2136 268 2200 ἀλιτε-
283 2141 316 2200 in
331 2132 458 2217 α’λιτήσα
476 2133 625 2218 ἀλιτήμων
641 2141 837 2217 oompionnm,
859 2161 889 2199 v.
902 2142 981 2200 (tua.
997 2141 1034 2199 de
1047 2143 1129 2200 verb.
1145 2160 1174 2217 p.
1189 2141 1263 2216 389)

178 2239 314 2320 διζημένη
326 2245 362 2300 Δ.
374 2247 422 2301 88.
440 2235 593 2319 διζήμενος
605 2245 642 2301 Ε.
657 2247 724 2301 168.
740 2243 792 2321 (Κ.
805 2241 867 2318 84).
881 2243 1002 2301 111760.
1019 2243 1051 2300 Ρ.
1063 2248 1133 2302 221.
1150 2264 1177 2301 α.
1190 2248 1261 2302 261.

178 2366 209 2404 π.
228 2351 298 2404 391.
329 2365 361 2419 φ.
381 2351 431 2404 22.
451 2345 550 2423 (161.)
579 2356 614 2419 ψ.
635 2350 706 2404 253.
740 2344 868 2422 (semper
895 2365 973 2422 pone
1001 2345 1263 2423 penthemimerin)

179 2445 274 2523 θίζηαι
291 2448 314 2508 λ.
330 2452 379 2505 99.
397 2441 578 2524 θιζησόμεθα
593 2467 623 2506 ιι.
638 2452 709 2505 239.
726 2439 885 2524 κιχήμενον
902 2449 938 2505 E.
955 2448 1024 2506 187.
1040 2449 1079 2504 Λ.
1094 2451 1163 2506 451.
1183 2440 1265 2523 κιχή-

180 2569 264 2626 μεναι
283 2549 316 2608 Ο.
330 2550 400 2608 274.
419 2550 536 2626 κιχῆναι
550 2570 581 2607 τι.
595 2550 665 2608 357.
685 2545 775 2624 κιχεὶς
793 2549 833 2610 Π.
847 2554 916 2608 342.
931 2542 1053 2626 κιχήτην
1069 2550 1105 2606 Κ.
1120 2553 1190 2608 376.
1206 2546 1265 2608 lut·

178 2671 269 2730 χημεν
287 2672 317 2709 τι.
336 2653 405 2710 379.
422 2657 452 2730 et
468 2670 543 2731 quae
561 2655 726 2731 sequuntur
742 2649 841 2726 κιχείω
857 2653 896 2711 A.
911 2657 959 2711 26.
985 2653 1016 2709 Γ.
1031 2657 1101 2711 291.
1120 2650 1265 2728 κιχείομεν
1286 2687 1288 2694 -

182 2754 220 2813 Φ.
236 2758 302 2813 128.
318 2754 367 2830 (of.
384 2754 419 2812 de
436 2748 566 2828 ἐρείομεν
581 2755 619 2810 Α.
634 2758 682 2810 62.
700 2753 779 2812 Ourt.
798 2753 880 2814 Stud.
897 2753 956 2813 ΙΙΙ.
973 2773 1002 2830 p.
1016 2760 1086 2814 894.
1099 2754 1141 2831 3.)
1155 2753 1266 2830 κιχείην

178 2849 338 2932 κιχήσομαι
350 2861 414 2928 ete,
437 2853 580 2931 (ο1.οιιτ1.
597 2856 632 2914 de
648 2857 730 2915 verb.
745 2875 774 2931 p.
790 2857 861 2934 176)
878 2848 1004 2932 ἀήμεναι
1025 2859 1063 2915 Ψ.
1078 2860 1148 2915 214.
1165 2855 1265 2936 (pert.)

180 2951 310 3035 ἀήμενος
325 2959 345 3030 ζ.
361 2962 429 3015 131.
450 2949 575 3032 ἀήμεναι
590 2978 616 3035 ν.
633 2957 700 3017 ιτα.
720 2949 807 3032 aava
820 2979 846 3036 y.
863 2962 930 3016 rae.
948 2979 974 3018 ν.
989 2964 1037 3017 νε.
1055 2951 1128 3034 ἅμα
1142 2958 1179 3016 Φ.
1194 2964 1265 3016 eae.

179 3053 272 3137 ἄητον
290 3060 316 3120 1.
331 3064 357 3118 a.
376 3058 412 3117 ο.
428 3063 498 3118 sos.
516 3051 555 3134 1η
570 3080 599 3134 μ.
613 3063 683 3118 325.
699 3057 722 3130 ξ.
736 3064 807 3118 ιτα.
823 3053 892 3135 διάη
908 3079 928 3119 ε.
941 3062 1012 3119 ιτα.
1028 3081 1053 3119 ν.
1067 3065 1138 3119 440.
1152 3052 1264 3139 (διάησι

179 3164 252 3224 Ηαε.
270 3182 318 3239 op.
335 3165 405 3220 514.
423 3162 492 3220 517.
510 3163 593 3241 519.)
608 3151 708 3231 olivus
720 3163 758 3220 Ε.
770 3167 841 3222 526.
865 3154 951 3241 (deror
967 3163 1038 3224 Hes.
1057 3164 1099 3222 th.
1116 3164 1176 3222 875
1190 3161 1263 3241 41)),

250 3365 294 3431 39)
311 3366 342 3412 V.
361 3364 428 3413 Curt.
446 3379 483 3425 gr.
502 3364 544 3413 Gr.
564 3365 587 3426 ξ.
600 3367 657 3414 813.
675 3367 709 3434 Ι).Ι
720 3365 741 3412 6.
761 3381 785 3427 p.
799 3368 870 3415 148..
890 3368 946 3414 Non
964 3367 1022 3426 qnia
1039 3366 1163 3426 singulare
1186 3372 1224 3413 est
1240 3370 1265 3413 et

181 3468 206 3500 v.
219 3453 236 3499 1.
254 3445 387 3513 δορπείτην
403 3450 508 3497 traditur
521 3451 671 3498 reiciendum
689 3455 733 3498 est
758 3467 782 3498 v.
795 3453 937 3499 Buttmann.
955 3467 992 3512 gr.
1005 3451 1047 3499 Gr.
1059 3453 1079 3499 1.
1096 3466 1121 3512 p.
1134 3453 1184 3500 487
1203 3456 1264 3498 extr.

248 3537 294 3597 40)
312 3535 381 3581 Euat
399 3549 422 3594 p.
439 3538 512 3594 1012,
532 3539 562 3583 tv
581 3536 685 3584 verbum
707 3532 846 3599 populous,
872 3529 1000 3598 deuenit:
1019 3539 1072 3592 ταῖς
1089 3529 1265 3599 καταλογάδην

181 3617 320 3688 γράφουσιν
339 3612 376 3676 τίς
386 3611 524 3683 eupatore
542 3621 589 3668 sibi
600 3622 671 3669 finxit
682 3622 847 3680 aoristnmqne
858 3621 986 3668 intellexit.
1021 3621 1078 3668 Non
1089 3626 1155 3668 reete
1168 3619 1264 3669 Gelbke

180 3722 207 3769 p.
218 3709 251 3754 41
270 3707 301 3754 θα
318 3705 477 3766 productione
494 3707 594 3776 vinaria

249 3788 293 3854 41)
311 3791 340 3838 In
357 3780 444 3848 ἄαντις
461 3795 486 3838 et
503 3782 571 3841 ἄεισι
587 3805 633 3852 pro
644 3783 714 3842 ἄεντι
724 3792 824 3852 longum
836 3805 853 3853 η
866 3796 923 3838 ente
935 3805 962 3840 ντ
978 3796 1006 3837 ut
1016 3804 1113 3850 semper
1124 3793 1264 3849 correptum

182 3881 226 3936 est,
244 3892 271 3923 v.
284 3874 382 3923 Gelblre
400 3890 425 3936 p.
437 3879 478 3924 42.
498 3876 579 3923 Allen.
593 3892 617 3937 p.
632 3879 689 3926 269.
708 3877 776 3925 Cnrt.
789 3876 858 3924 Stud.
870 3877 915 3924 111.
933 3889 958 3936 p.
970 3877 1027 3924 989.
1057 3874 1106 3922 Sed
1118 3865 1201 3925 ἄεισιιι
1212 3875 1265 3922 udit

180 3962 207 4008 in
225 3963 301 4009 schol.
314 3957 346 4010 E.
361 3961 420 4009 526.
438 3955 553 4011 Αἰολικὸν
570 3965 671 4021 propter
682 3967 809 4010 accentum
827 3961 927 4024 (Anat.
941 3960 1026 4024 μ16),
1045 3974 1193 4019 quamquam
1204 3960 1264 4018 legi·

179 4047 254 4094 timus
272 4052 310 4094 est
320 4047 384 4094 sient
399 4047 425 4094 in
436 4046 534 4094 Derieis
550 4042 644 4096 τίθεντι
661 4047 723 4107 aliis,
741 4063 766 4095 v.
779 4048 869 4096 Goettl.
881 4061 930 4094 seo.
948 4060 972 4107 p.
987 4048 1026 4095 74.
1044 4046 1104 4092 Ahr.
1116 4047 1148 4092 11.
1167 4059 1192 4105 p.
1205 4045 1262 4093 312.

180 4131 246 4179 Nem
262 4132 374 4192 vulgetis
385 4137 500 4180 ementes
511 4132 644 4179 formarum
656 4131 755 4183 διδοῦσι
771 4117 864 4184 ’λιθεῖσι
875 4147 906 4180 ex
922 4133 1025 4183 διδο-ντι
1035 4129 1141 4182 vrbe-vri
1151 4134 1264 4178 netarum

181 4217 286 4265 debetur
303 4217 382 4265 errori
393 4218 606 4277 grammaticorum
624 4217 666 4276 qni
684 4231 725 4265 ees
743 4232 774 4265 ex
785 4218 873 4266 Atticis
890 4211 992 4268 διδόασι
1009 4212 1110 4267 τιθέασι
1126 4219 1264 4264 oontrsotas

181 4306 299 4362 putarunt
316 4303 357 4351 vel
374 4307 401 4350 ut
412 4303 567 4352 Herodianus
585 4317 600 4349 ιι
617 4303 700 4352 verbis
718 4305 787 4364 puris
800 4303 944 4352 derivarunt
962 4298 1002 4364 (ol.
1014 4302 1044 4348 sd
1058 4297 1088 4350 Β.
1101 4302 1163 4350 255ε
1182 4291 1266 4358 οὕτως.
