3114 4994
706 513 767 578 109

191 670 274 747 path.
293 667 329 728 ol.
346 669 388 728 II.
411 687 440 744 p.
460 670 521 728 273
540 668 736 728 exclamaret:
767 666 835 741 „bio
858 667 884 726 si
902 685 1032 746 unquam
1048 669 1189 730 convenit
1205 670 1281 730 illud

193 770 494 832 consideratissimum
506 772 631 830 verbum
648 766 771 846 tatqn‘t
791 789 885 846 pauca
902 771 1068 830 adnotanda
1082 777 1152 831 sunt
1169 775 1240 852 quia
1255 775 1282 833 is

193 871 379 934 accusativus
395 893 455 934 nou
473 872 616 958 leviorem
633 873 804 950 scrupulum
822 872 933 932 excitat
948 892 1045 952 neque
1060 874 1211 934 meliorem
1231 896 1282 935 ex-

192 973 384 1051 plicationem
408 959 529 1036 videtur
548 976 658 1034 habere
682 980 772 1054 atque
793 965 935 1052 εὐρύοπα.
979 974 1099 1036 Scilicet
1124 977 1195 1054 quia
1219 997 1282 1039 sae·

191 1076 261 1154 pius
282 1077 367 1152 Ζῆνα
394 1071 517 1140 3157.
546 1097 579 1136 ω.
598 1079 670 1138 472.
696 1069 764 1152 Ζῆν’
788 1081 857 1138 ante
878 1077 995 1137 vocales
1020 1077 1057 1134 Ε.
1076 1078 1145 1137 756.
1178 1078 1212 1137 Θ.
1230 1087 1281 1142 33.

193 1179 225 1236 P.
245 1182 315 1238 339.
352 1179 457 1238 11143.
488 1201 514 1238 υ.
535 1184 595 1238 339
618 1178 830 1238 inveniebatur
847 1179 896 1257 (cf.
920 1178 1049 1239 Creticae
1069 1181 1282 1258 formandive

197 1281 277 1357 aava
299 1281 396 1357 Trana
411 1281 490 1340 aare.
504 1285 543 1340 st.
558 1301 586 1358 p.
598 1281 668 1340 aar.
685 1279 769 1357 aas.)
788 1272 856 1356 Ζῆν’
878 1278 912 1340 a.
930 1285 1001 1340 aaa.
1020 1275 1136 1345 aare.
1154 1282 1195 1342 aa.
1210 1289 1281 1345 aar.

194 1383 267 1442 Hes.
285 1383 327 1442 th.
347 1387 417 1442 884.
443 1382 476 1442 in
497 1383 556 1443 fias
580 1382 710 1460 positum
732 1382 853 1443 tolerari
871 1401 957 1459 posse
980 1383 1078 1443 visum
1096 1391 1154 1458 est,
1183 1391 1283 1448 tamen

193 1483 385 1544 Aristarchus
408 1483 584 1561 scripturam
608 1487 652 1546 sic
669 1485 803 1546 instituit
824 1489 858 1544 ut
874 1478 897 1544 ν’
923 1486 956 1544 15
970 1485 1058 1546 151515
1076 1487 1283 1567 subsequentis

192 1605 298 1646 versus
330 1591 398 1648 ante
432 1587 564 1648 vocalem
589 1589 695 1648 elisum
726 1592 804 1647 esset
831 1588 1015 1650 conlocatum
1042 1588 1092 1666 (cf.
1121 1591 1212 1652 schol.
1245 1594 1282 1652 ad

196 1687 229 1748 Θ.
248 1688 375 1774 305155.
394 1689 485 1766 331),
507 1709 593 1770 quam
609 1709 748 1750 versuum
764 1687 992 1764 conligationem
1010 1695 1201 1769 systematum
1222 1694 1284 1756 ritu

192 1792 301 1850 factam
324 1792 361 1850 ab
380 1791 464 1867 epioa
486 1791 570 1868 poesi
594 1793 753 1852 abhorrere
779 1791 852 1851 scite
870 1791 1060 1852 Hermannus
1078 1795 1119 1872 (v.
1140 1815 1239 1871 opusc.
1257 1799 1282 1856 I.

192 1912 222 1969 p.
241 1895 299 1952 137
316 1893 353 1952 (15
371 1893 420 1954 Gr.
437 1893 457 1952 l.
474 1893 554 1954 diall.
572 1893 697 1974 aliisque
711 1893 797 1971 locis)
816 1892 980 1968 disputavit
997 1895 1062 1969 Ζῆν
1078 1895 1142 1955 sine
1157 1897 1282 1958 elisione
1400 1963 1404 1971 ,

193 1995 383 2054 scribendum
405 2011 574 2072 proponens
597 1995 791 2073 probantibus
811 1995 948 2054 Bekbero
972 1995 1169 2076 plurimisque
1189 1998 1282 2078 idque

193 2097 318 2158 audacia
335 2098 460 2176 quadam
485 2098 549 2158 sive
569 2118 608 2158 ex
631 2097 810 2173 antiquitate
833 2115 851 2155 a
867 2097 965 2172 poetis
982 2097 1141 2158 admissum
1158 2101 1282 2162 arbitra·

192 2204 250 2260 tus.
295 2199 404 2260 Contra
427 2199 626 2274 Goettlingius
650 2204 681 2258 at
704 2198 878 2274 Spitanerus
907 2191 975 2274 Ζῆν’
1002 2198 1035 2258 15
1061 2201 1120 2260 fias
1145 2203 1282 2262 reddide-

193 2303 278 2372 runa
301 2306 400 2362 tamen
416 2300 584 2362 Hermanni
600 2299 676 2362 ratio
693 2302 781 2376 longe
797 2303 936 2376 praestat.
979 2299 1038 2364 sed
1054 2306 1088 2361 55
1105 2304 1142 2362 ad
1158 2304 1282 2364 formam

194 2403 401 2479 explicandam
423 2403 546 2480 propius
567 2404 722 2475 adcedam,
748 2402 968 2462 abomination
990 2395 1054 2479 Ζήν
1069 2435 1113 2447 -ω
1130 2424 1199 2464 nam
1221 2412 1282 2466 tres

181 2507 315 2566 dcerunt
339 2483 448 2582 stirpes
479 2508 546 2566 AsF
574 2507 647 2566 Διευ
675 2507 739 2580 Ζην
762 2539 804 2548 -
828 2524 947 2564 necesse
972 2509 1038 2565 erat
1059 2509 1094 2566 ut
1116 2525 1175 2566 acc.
1198 2507 1282 2582 Ζῆνα

195 2609 389 2670 descenderet
411 2609 444 2667 in
463 2610 551 2681 Iade;
575 2609 616 2687 (v.
635 2609 747 2668 Herod.
766 2627 797 2665 5.
815 2605 887 2665 allo.
906 2598 989 2683 ὄνομ.
1005 2607 1046 2665 Π.
1071 2627 1100 2685 p.
1119 2615 1195 2682 642,
1222 2615 1278 2669 131

194 2713 232 2771 de
251 2709 384 2786 vocalia
403 2710 565 2770 dicentem:
594 2705 703 2785 ἰστέον,
715 2691 772 2768 ’ὅτι
787 2710 841 2768 τοῦ
861 2701 940 2785 Ζήν,
965 2705 1063 2787 Ζηνός
1087 2707 1238 2784 ἐφύλαξαν
1254 2710 1285 2771 oi

194 2809 316 2872 antemi
337 2805 444 2882 Ἴωνες
468 2805 521 2887 τήν
550 2811 665 2888 κλίσιν).
708 2811 864 2888 Spitanero
887 2813 980 2886 igitur
1002 2815 1040 2872 ad
1065 2809 1098 2878 Ξ.
1125 2819 1185 2872 265
1218 2816 1282 2890 Ζῆν

194 2916 299 2991 ignota
331 2919 361 2974 et
386 2915 423 2974 ab
447 2915 529 2974 Iadis
560 2914 742 2992 proprietate
766 2914 863 2974 aliena
892 2934 956 2974 esse
978 2915 1150 2988 videbator,
1182 2920 1282 2976 tamen

192 3023 273 3078 recte
290 3017 319 3076 ei
334 3016 499 3076 Weicberti
514 3015 590 3076 ratio
605 3037 667 3076 non
682 3015 837 3076 adridebat
853 3016 905 3096 qui
920 3019 1080 3077 seeundum
1095 3017 1219 3078 Doricos
1230 3038 1284 3080 5ο-

192 3119 355 3182 minativos
374 3110 602 3196 ΤύόηςὌρφης
619 3113 798 3195 ’1151155555
815 3138 909 3179 accus.
927 3120 1070 3197 Ibyceum
1081 3111 1209 3198 Ὄρφην
1226 3141 1280 3198 pro

198 3215 312 3292 Tddsvg
329 3226 383 3282 eto.
410 3240 427 3281 a
449 3220 602 3282 Priscianc
621 3225 852 3282 commemoratos
878 3222 940 3297 Ζῆν
960 3221 1101 3282 Doricum
1121 3222 1241 3284 vocavit
1263 3244 1281 3283 a

192 3343 273 3385 nom.
300 3316 363 3400 Ζὴς
386 3341 440 3400 555
465 3317 542 3394 Ζεύς
565 3331 703 3401 repetens
728 3322 768 3401 (v.
793 3325 866 3384 Abr.
883 3323 925 3384 II.
949 3344 977 3401 p.
995 3324 1087 3402 235).
1132 3323 1281 3384 1115515155

191 3445 264 3487 vero
293 3446 358 3486 eam
388 3431 422 3486 ut
452 3418 525 3501 ζάην
549 3427 701 3486 Aeolicam
726 3427 851 3503 prodere
883 3427 1027 3504 originem
1059 3429 1205 3504 pro'Ars(
1244 3448 1280 3485 cv

192 3528 332 3600 credidit;
365 3531 466 3604 posset
482 3525 572 3588 etiam
597 3528 745 3607 quispiam
766 3529 822 3589 boc
840 3547 894 3604 pro
915 3529 1107 3604 metaplasmo
1124 3527 1279 3588 venditare

193 3635 226 3689 et
241 3630 341 3690 Attice
357 3631 408 3690 vel
423 3629 525 3690 Ionica
540 3629 618 3690 51555
633 3621 938 3708 ἘρμῆνπἘρμέαν
953 3629 1078 3705 (Herod.
1092 3629 1134 3689 Π.
1155 3635 1203 3688 51.
1227 3631 1277 3692 67.

197 3735 266 3792 133.
300 3736 369 3791 145.
398 3731 433 3790 V.
453 3730 701 3815 6.)oontraotum
722 3737 837 3809 putare.
880 3730 944 3790 Alii
970 3749 1057 3808 porro
1080 3732 1118 3790 ad
1143 3737 1278 3812 quartam

192 3833 315 3910 stirpem
331 3834 527 3909 confugerunt
546 3833 603 3908 Za·
624 3837 712 3914 quam
732 3856 749 3893 ν
768 3833 851 3894 finali
876 3833 990 3894 abieoto
1009 3837 1106 3892 natam
1131 3833 1235 3894 dicunt
1260 3855 1277 3895 e

192 3935 295 4010 lingua
317 3935 378 3994 akr.
403 3934 472 4011 dja-u
496 3934 585 4014 (quae
601 3937 696 3996 forma
719 3955 737 3996 a
758 3936 870 3998 Graeca
888 3935 992 4010 lingua
1007 3934 1158 4013 abhorret)
1174 3940 1205 3995 55
1228 3935 1278 4012 dja

192 4039 395 4100 conferentes:
423 4037 495 4096 inde
516 4037 669 4098 descendit
690 4039 779 4114 Zet-v
794 4037 872 4098 51555
898 4035 975 4112 dci-o
996 4038 1075 4115 quod
1097 4037 1196 4114 ipsum
1214 4057 1276 4099 non

191 4139 381 4217 perspicuum
399 4143 458 4212 est,
480 4139 612 4200 510555.
632 4144 670 4199 et.
694 4159 723 4216 p.
742 4145 811 4201 563.
855 4143 897 4200 At
913 4141 1044 4216 profecto
1062 4139 1127 4217 ipse
1143 4139 1276 4200 nomina·

191 4240 273 4302 tivus
295 4233 358 4317 Ζής
378 4241 458 4302 intra
476 4242 578 4302 Iadorn
600 4243 636 4302 ab
652 4241 823 4304 Herodiano
847 4261 863 4300 5
884 4243 1055 4317 Pherecyde
1082 4245 1207 4302 testatus
1230 4245 1276 4303 est

191 4342 234 4420 (v.
251 4345 377 4405 Abrens.
400 4343 433 4404 15
452 4344 597 4422 Philolog.
614 4347 635 4406 t
655 4343 944 4421 1151115555),
972 4345 1052 4404 unde
1075 4343 1274 4405 accusativum
