3092 4996
832 421 876 487 40

313 576 413 636 nescio
440 595 479 636 an
507 577 596 636 ctiam
625 576 712 636 iuxta
741 575 857 654 ἴδμεναι
888 578 927 638 Ν.
950 579 1020 638 273.
1054 575 1080 636 ὃ.
1098 583 1170 636 200.
1189 582 1260 636 493.
1289 599 1318 653 μ.
1342 583 1408 637 154

312 680 391 756 apud
405 681 569 739 Homerum
587 680 681 739 fucrit
702 676 893 757 κεκοδμένος,
917 681 996 762 quod
1010 681 1135 756 praebet
1149 679 1295 740 Pindarus
1312 681 1362 740 01.
1380 682 1409 741 Ι.

310 803 339 841 ν.
356 782 395 840 27
420 780 460 859 (v.
484 783 564 842 Ourt.
588 783 625 842 do
647 784 729 842 verb.
752 804 781 862 p.
799 784 890 861 188),
919 803 980 843 non
1003 782 1157 842 Aeolicum
1179 781 1229 843 vel
1254 783 1410 842 Doricum

311 883 460 961 (Eustath.
483 905 512 962 p.
529 888 600 955 214,
620 889 676 956 22,
698 904 727 945 v.
744 887 818 945 Ahr.
839 886 881 944 ΙΙ.
900 883 972 962 109)
994 886 1046 946 scd
1067 905 1106 944 ex
1128 883 1212 962 spico
1234 885 1409 944 archaismo

269 1060 272 1067 Ι
311 985 360 1047 vel
374 985 507 1045 Ionismo
523 991 681 1060 servatum,
704 1006 758 1063 pro
774 983 954 1062 κεκασμένος
968 991 1006 1047 Δ.
1023 994 1095 1048 339.
1117 988 1143 1050 δ,
1164 992 1234 1050 725.
1248 992 1318 1060 815,
1339 988 1410 1046 for·

311 1092 390 1147 tasse
411 1092 537 1166 propter
556 1088 711 1163 vulgatum
729 1094 760 1148 ct
774 1090 907 1149 Atticum
928 1111 1015 1150 usum
1036 1091 1086 1169 (cf.
1102 1095 1210 1152 Aesch.
1224 1093 1311 1150 Eum.
1329 1089 1409 1149 766.

310 1190 466 1266 Aristoph.
488 1191 579 1268 equit
599 1212 627 1251 v.
647 1192 720 1270 685)
743 1191 775 1250 in
797 1192 901 1252 Ionica
922 1194 1054 1253 carmina
1073 1194 1167 1254 illato.
1501 1193 1502 1196 ’

289 1300 293 1307 ’
397 1292 440 1350 ΙΙ.
473 1305 517 1350 σο.

401 1393 432 1470 1)
454 1394 609 1454 Sibilantis
631 1395 792 1470 geminatio
816 1416 891 1476 quas
907 1397 1003 1457 oritur
1022 1398 1072 1458 vel
1087 1417 1232 1458 concursu
1246 1396 1410 1456 alteriaco

312 1495 362 1554 vcl
377 1495 519 1573 spirantis
541 1497 666 1556 alicuius
683 1498 721 1575 (j,
737 1498 775 1576 F)
790 1499 1017 1573 adsimilatum,
1041 1521 1108 1560 cum
1130 1500 1264 1578 scopein
1278 1499 1410 1558 Aeolica

313 1597 442 1657 dialecto
459 1599 618 1678 conspicua
635 1605 712 1660 essct
733 1601 786 1660 ubi
808 1601 884 1661 aliae
899 1601 1018 1662 dialecti
1034 1602 1162 1678 simplex
1177 1618 1196 1659 σ
1209 1602 1408 1674 adhibebant,

313 1699 391 1759 sicut
406 1719 540 1781 quaeque
562 1702 622 1764 alia
637 1703 799 1780 duplicatio
822 1704 911 1763 etiam
932 1704 965 1763 in
980 1704 1149 1764 Homericis
1165 1703 1289 1765 vocibus
1304 1700 1407 1778 gram-
1467 1701 1469 1704 ’

312 1802 429 1862 maticis
449 1803 602 1864 inferioris
618 1809 706 1864 notae
721 1805 844 1865 Aeolica
864 1806 923 1866 fuit
945 1798 1233 1882 (ιἰναόιπλασιασμὸν
1253 1806 1303 1867 vel
1318 1807 1409 1864 πλεο-

312 1895 426 1979 νασμὸν
448 1898 498 1964 troi
520 1898 553 1965 ro*
577 1902 685 1984 μέτρον
701 1908 887 1980 vocantibus,
911 1927 986 1988 quae
1003 1908 1177 1968 stultissima
1196 1907 1331 1966 ariolatio
1350 1908 1407 1964 cd-

312 2007 372 2066 huc
386 2008 518 2066 nondum
540 2009 628 2087 plano
651 2009 825 2086 obmutuit);
846 2010 1037 2070 Herodianus
1055 2030 1162 2087 nempe
1184 2010 1243 2069 tale
1257 2009 1407 2068 Aeolismi

313 2109 457 2168 indicium
479 2117 632 2172 aversatus
654 2117 700 2171 est
722 2113 764 2172 sic
782 2113 876 2173 verbo
889 2112 1002 2172 faciens
1025 2132 1056 2170 τι.
1074 2115 1149 2171 παθ.
1169 2113 1212 2171 Π.
1228 2117 1305 2171 306:
1328 2107 1408 2180 τινὲς

314 2205 347 2269 δὲ
368 2213 490 2285 puoto
513 2205 547 2271 τὸ
570 2206 632 2272 ὅττι
664 2210 716 2273 καὶ
746 2207 784 2272 coi
812 2208 920 2290 λοιποὶ,
952 2206 1094 2273 Αλολικόν
1125 2205 1407 2288 ἆναόιπλασιασμὸν

314 2305 446 2388 οἰόμενοι
462 2305 546 2374 εἶναι.
569 2308 620 2373 ocri
634 2318 723 2375 τοῦτο
740 2311 772 2375 δὲ
793 2313 843 2376 καλ
867 2309 1079 2393 ἀντιπέμπουσι
1097 2307 1168 2384 τούς
1189 2307 1304 2382 τόνους.
1329 2309 1406 2374 ἀλλὰ

315 2408 372 2474 σιἰκ
394 2412 473 2474 ἔστιν
494 2407 739 2494 ὅὸιπλασιασμὸς
761 2415 809 2478 ἐπὶ
825 2415 940 2478 τούτων
954 2411 1105 2490 Αἰολικός,
1129 2409 1188 2475 ἀλλ’
1203 2415 1281 2487 ἴδιος
1301 2411 1406 2476 αὐτοῖν

312 2518 373 2575 τῶν
395 2509 597 2596 οἷναφορικῶν.
627 2511 699 2598 παρ’
720 2517 861 2579 Αἰολεῦσι
883 2516 915 2580 δὲ
940 2523 1001 2579 τῶν
1022 2510 1212 2596 ἀμεταβόλων
1232 2517 1405 2598 γίνεται-
1501 2583 1502 2588 ς

314 2612 368 2680 aa
390 2607 445 2679 οὖν
466 2616 565 2696 ἕτερον
581 2615 796 2696 διπλασιασμόν
818 2615 887 2700 παρ’
910 2616 1012 2692 αὐτοῖς
1030 2614 1128 2704 εὕρῃς,
1149 2623 1191 2702 τῷ
1208 2621 1300 2702 κοινῷ
1319 2615 1404 2699 ἐχρή-

314 2738 402 2782 σαντο
425 2718 475 2780 καλ
499 2713 557 2780 οὐκ
580 2717 663 2791 ἰδίοις
685 2720 840 2800 ἐποίησαν·
870 2722 898 2782 εἰ
918 2711 974 2783 οὖν
997 2725 1225 2800 παρακολουθεῖ
1247 2726 1310 2791 τοῖς
1331 2717 1405 2780 ἆνα-

315 2825 463 2901 φορικοῖς
477 2816 510 2883 to*
534 2818 786 2898 διπλασιάζεσθαι,
808 2819 913 2885 κοινόν
935 2822 986 2885 καὶ
1008 2819 1044 2884 οὐ
1065 2827 1119 2901 τῆς
1140 2819 1294 2883 διαλέκτου
1316 2822 1405 2898 ἐστίν,

317 2916 384 2986 οἷον
398 2928 487 2995 ποῖος
502 2916 639 2999 ὄπποῖος,
655 2920 751 2997 πόσος
766 2918 911 3003 ὅππόσος,
928 2921 999 2997 ὅσος
1010 2921 1109 2998 ὅσσος,
1125 2959 1167 2970 -·-
1180 2922 1276 2985 ἔσεται
1290 2923 1404 2986 ἔσσεται

315 3031 367 3107 (of.
384 3030 469 3088 Eust.
487 3034 558 3103 655,
577 3034 630 3089 lc:
652 3025 703 3088 κοιλ
719 3023 751 3088 δὲ
765 3025 816 3087 καλ
833 3023 988 3090 Σικελικόν
1002 3020 1077 3088 εἶναι
1093 3020 1125 3086 cti
1143 3023 1267 3100 έσσεται,
1290 3022 1327 3087 οὗ
1343 3021 1403 3104 μὴν

315 3123 460 3189 Αἰολικὸν
480 3127 642 3211 λέγουσιν),
673 3133 781 3192 similia
802 3133 979 3208 ποιητικῶς,
1008 3123 1064 3189 οὐκ
1086 3126 1235 3200 Αἰολικῶς
1256 3131 1350 3202 dicta,
1372 3153 1402 3191 v.

316 3255 346 3312 p.
365 3239 434 3293 304.
458 3253 489 3292 π.
511 3227 635 3313 ὄρθογρ.
657 3255 686 3312 p.
705 3231 807 3316 alltc,
830 3235 877 3294 cui
899 3234 1008 3293 indicio
1030 3252 1092 3291 uon
1112 3232 1197 3292 iuvat
1217 3232 1330 3312 aliquid
1351 3234 1402 3292 ad·

315 3336 434 3396 didisse.
978 3337 980 3340 ’

402 3438 435 3517 2)
456 3438 572 3514 Regula
587 3457 645 3518 qua
659 3438 844 3514 grammatici
858 3455 1001 3514 persaepe
1017 3434 1066 3512 (cf.
1080 3438 1155 3496 Ahr.
1168 3437 1193 3496 L
1212 3458 1240 3514 p.
1255 3436 1308 3515 67)
1323 3438 1402 3513 apud

316 3543 479 3604 Aeolenses
502 3559 541 3598 πτ
567 3540 600 3599 in
627 3557 663 3599 σο
690 3545 837 3601 mutatum
864 3559 928 3598 csso
953 3539 1077 3598 tradunt
1096 3538 1258 3598 Homerica
1286 3539 1402 3618 aliaque

317 3644 455 3722 exempla
476 3649 670 3720 conparantes
686 3643 816 3702 Aeolicis
831 3660 907 3721 quae
930 3647 1065 3700 tenemus
1085 3642 1246 3714 refutatum
1269 3641 1402 3700 sednon

202 3817 205 3823 ¹
316 3745 504 3820 intellegitur
524 3746 604 3804 undo
622 3745 675 3804 illa
696 3747 830 3822 profecta
852 3744 899 3803 sit.
942 3745 1031 3803 Nunc
1053 3748 1169 3803 constat
1190 3745 1282 3805 verba
1303 3739 1401 3802 πέσσω

317 3843 444 3924 ὅσσομαι
465 3841 601 3924 κορύσσεο
631 3845 736 3907 ένέσοω
757 3848 795 3906 ad
823 3846 1023 3925 antiquiorem
1052 3848 1177 3906 formam
1199 3845 1302 3924 stirpis
1329 3846 1360 3906 in
1383 3865 1402 3904 κ

317 3950 455 4011 excuntis
476 3949 587 4022 redire,
618 3949 697 4028 quod
717 3953 782 4008 tum
803 3969 857 4027 per
882 3947 1081 4008 labialismum
1104 3948 1155 4028 qui
1180 3948 1290 4007 dicitur
1310 3947 1401 4008 totius

317 4052 439 4127 linguae
471 4045 613 4112 Graecae'
631 4051 785 4129 proprium
812 4051 846 4109 in
876 4070 899 4108 π
929 4052 1173 4110 λοοοελοοιοολοιο
1201 4054 1260 4123 cst,
1297 4069 1317 4110 a
1345 4068 1402 4130 qua

320 4154 413 4233 stirpe
427 4154 593 4214 recentiore
609 4154 792 4215 descendunt
808 4155 900 4214 verba
916 4149 1019 4212 πέπτοι
1039 4143 1121 4212 timor
1134 4146 1276 4230 κορύπτοο
1295 4149 1401 4212 ἐνέπειν

320 4258 358 4316 cf.
377 4258 458 4317 Ourt.
478 4260 517 4315 et.
534 4277 563 4334 p.
576 4261 647 4316 418.
666 4262 736 4317 425.
756 4261 826 4330 621,
848 4257 885 4316 de
906 4261 997 4333 tcmp.
1020 4260 1050 4314 ct
1071 4256 1146 4314 mod.
1169 4276 1197 4332 p.
1217 4255 1400 4328 105-107,
