3114 4994
818 438 880 502 120

309 587 472 670 τύψεμεν),
504 592 536 654 οἱ
562 590 593 654 δὲ
622 591 743 662 Αἰολεῖς
772 612 870 670 εμεναι
899 586 1015 671 λέγουσι
1043 592 1205 653 socorditer
1232 592 1393 670 adspersit;

310 697 385 757 alios
413 699 497 756 notat
518 698 644 756 Ahrenr.
667 717 695 773 p.
715 700 783 755 133.
805 716 834 755 n.
852 697 886 766 '13
916 699 961 755 cst
989 695 1103 760 seilicet
1129 689 1182 754 illa
1209 694 1242 754 in
1268 693 1391 754 Aeolide

310 799 405 858 solum
427 800 460 857 in
482 789 640 873 ἄνθε’μεναι
664 790 851 873 ἀποδόμεναι
872 793 994 874 ἔμμεναι
1015 798 1100 875 (Ahr.
1119 816 1149 874 p.
1165 797 1245 875 141).

396 904 427 980 6)
449 901 524 959 Dico
545 921 626 960 nuno
647 901 683 958 de
699 900 821 960 Aeolica
841 904 915 976 part.
931 901 1005 976 perf.
1024 905 1080 960 act.
1094 899 1272 959 formatione
1293 918 1311 957 o
1332 918 1392 958 ser·

311 1002 407 1062 monis
421 1002 553 1078 vulgaris
569 1022 649 1061 more
667 1003 786 1078 longius
803 1004 960 1062 recedente
981 1002 1014 1061 in
1037 1021 1078 1059 ων
1095 1019 1180 1069 οντος
1199 1001 1286 1074 facto,
1309 1001 1391 1060 cuius

309 1104 458 1164 tutissima
484 1123 500 1162 e
521 1104 617 1164 titulis
638 1109 772 1164 tenemus
801 1102 938 1180 exempla
959 1122 1035 1183 quae
1063 1103 1162 1163 omnia
1182 1103 1328 1178 adponam
1353 1121 1392 1161 ne

311 1205 456 1265 dubitatio
471 1207 566 1282 possit
580 1206 706 1266 exoriri:
726 1198 957 1283 πεπληρώκοντα
976 1226 1000 1264 c.
1017 1205 1037 1265 i.
1055 1205 1128 1264 (11.
1149 1226 1178 1263 n.
1191 1209 1283 1263 2189.
1307 1203 1391 1282 (Am.

310 1327 339 1383 p.
355 1309 428 1386 148)
451 1300 702 1384 κατεληλύθοντος
722 1328 769 1384 ap.
788 1308 876 1368 Gonu.
892 1308 925 1365 in
941 1307 1012 1366 Itin.
1035 1306 1121 1365 Lesb.
1141 1307 1199 1366 tab.
1213 1307 1299 1366 v111.
1319 1311 1347 1377 2,
1364 1312 1391 1364 9.

310 1405 543 1468 ἒπετετελὲκοντα
565 1411 622 1470 tab.
638 1410 739 1469 XVII.
760 1415 786 1483 1,
805 1415 832 1468 6.
857 1402 1016 1486 πεποήκοτν
1034 1429 1080 1486 ap.
1097 1408 1212 1469 Kaibel.
1229 1407 1261 1466 in
1277 1407 1394 1485 (lysiaci

312 1511 426 1588 sylloge
443 1512 515 1570 XX.
536 1517 562 1570 5.
585 1533 614 1588 p.
631 1518 665 1585 6,
690 1531 743 1588 pro
766 1532 824 1593 quo
847 1531 901 1588 per
920 1511 1035 1588 lapsum
1056 1511 1166 1587 legitur
1188 1528 1343 1585 πεποηιιον
1364 1531 1393 1570 v.

311 1613 407 1688 p.17.
450 1614 543 1673 Recte
565 1633 635 1688 ergo
658 1615 912 1690 grammaticorum
937 1607 1074 1690 exempla'
1095 1605 1222 1687 εἰρὴκων
1244 1604 1393 1686 νενοήκων

311 1713 352 1791 (v.
370 1713 455 1790 Greg.
472 1716 536 1775 (lor.
553 1716 589 1774 de
606 1719 633 1776 d.
643 1717 727 1775 Aeol.
746 1713 772 1793 §-
785 1720 834 1777 56.
848 1735 877 1791 p.
891 1721 961 1776 621.
977 1716 1063 1793 Ahr.)
1079 1733 1110 1774 se
1124 1715 1236 1773 hebent
1250 1718 1281 1773 et
1296 1712 1393 1773 Alcai-

312 1835 377 1874 cum
399 1809 561 1895 πεφύγγων
587 1838 641 1894 pro
668 1809 825 1896 πεφευγώς
852 1817 902 1895 (fr.
923 1815 994 1894 147)
1022 1818 1101 1896 quod
1123 1837 1194 1875 mox
1221 1817 1391 1893 aperfecto

310 1913 432 1997 πέφνγα
451 1918 617 1979 Siculorum
638 1939 719 1979 more
741 1919 781 1997 (v.
800 1921 882 1980 Euat
901 1925 993 1992 1596,
1013 1924 1046 1977 5;
1075 1915 1194 1977 Σικελοὶ
1223 1911 1279 1997 γὰρ
1308 1909 1342 1977 τιν’
1371 1922 1391 1976 οἳ

310 2021 364 2078 τοῦ
386 2018 610 2099 παρακειμένων
631 2056 673 2066 -
695 2042 783 2101 quam
800 2021 941 2081 Ahrensii
955 2022 997 2080 ΙΙ.
1017 2041 1047 2097 p.
1065 2026 1134 2094 328,
1155 2025 1169 2078 1
1195 2021 1393 2080 coniecturam

310 2142 364 2198 pro
385 2124 493 2182 madito
510 2118 737 2202 παρισταμένων
756 2119 896 2183 inmerito
917 2123 1065 2198 Bergkius
1085 2123 1220 2198 neglexit
1239 2157 1282 2166 —
1304 2118 1346 2191 εἰς
1368 2126 1392 2180 oi

190 2285 196 2292 ,
311 2221 530 2298 μετατιθὲασιν,
551 2226 599 2286 val
616 2246 661 2303 ap.
677 2226 765 2285 Ans:
788 2217 914 2284 εἰώθασι
927 2216 984 2303 yolo
1000 2221 1032 2281 ον’
1045 2221 1255 2301 παρακείμενοι
1275 2219 1391 2301 τρέπειν

310 2317 344 2384 τό
366 2330 387 2384 οἳ
408 2324 451 2396 εἰς
472 2319 533 2405 ciii
554 2332 650 2387 ποιεῖν
664 2324 821 2386 ἐνεστῶτα·
843 2319 919 2386 πολύ
938 2321 970 2385 δὲ
991 2318 1024 2383 so*
1042 2326 1177 2384 τοιοῦτον
1195 2318 1297 2394 πάθος
1311 2317 1393 2404 παρᾶ

310 2428 543 2508 Συρακουσίοις)
570 2431 603 2488 in
625 2449 765 2507 praesens
787 2425 911 2506 πεφύγω
938 2429 988 2487 vel
1012 2419 1154 2505 πεφιὶγγεο
1182 2432 1294 2487 mutato
1317 2427 1392 2486 deri·

308 2534 398 2590 vatur
418 2553 489 2592 mox
510 2553 564 2609 pro
586 2523 729 2610 csooyoig
749 2522 825 2588 κατὰ
846 2521 1179 2620 πλεονασμὸνκὲτέρονμ
1200 2527 1338 2588 sibilante
1359 2529 1392 2588 in

310 2631 617 2719 liquidamconversa
632 2638 728 2693 ortum
750 2637 879 2710 putatur.
922 2631 1030 2692 Merito
1046 2636 1144 2690 autem
1167 2623 1326 2709 πεφύμγαν
1340 2629 1392 2689 ubi

312 2732 402 2809 stirps
423 2735 516 2792 nasali
544 2740 629 2795 aucta
651 2740 709 2809 est,
738 2755 792 2812 pro
814 2726 971 2813 πεφευγώς
990 2733 1041 2792 ubi
1064 2731 1175 2792 vocalis
1202 2732 1391 2809 amplificatio

311 2835 496 2911 perspicitur,
519 2837 590 2896 iusti
612 2837 736 2913 perfecti
757 2836 821 2896 loeo
838 2836 956 2896 Curtius
977 2837 1026 2914 (de
1048 2839 1138 2912 temp.
1158 2837 1188 2894 et
1201 2836 1278 2894 mod.
1295 2854 1324 2911 p.
1343 2833 1391 2892 51.

316 2942 390 2996 188.
402 2939 475 3018 927)
489 2939 621 3020 ¹agnovit
634 2943 723 3018 atque
739 2939 878 2999 adversus
892 2937 1058 2996 Hirrelium
1075 2937 1111 2995 de
1126 2935 1194 2995 dial.
1209 2936 1294 2995 Aeol.
1309 2957 1338 3012 p.
1353 2941 1390 2994 56

310 3041 475 3116 praesentis
496 3059 560 3100 esse
581 3041 768 3118 participium
790 3044 990 3100 autumantem
1015 3044 1048 3098 et
1067 3043 1162 3098 totum
1186 3057 1280 3114 genus
1299 3039 1392 3097 falsae

289 3139 291 3146 ’
309 3141 462 3217 analogiae
473 3143 654 3222 reliquorum
667 3142 889 3219 participiorum
899 3141 1079 3201 tribuentem
1089 3139 1236 3215 Bergkius
1245 3140 1392 3210 defendit;

310 3263 372 3302 non
387 3244 485 3302 minus
498 3245 655 3304 Pindarioa
668 3237 859 3320 κεχλάδοντας
873 3247 904 3304 ct
918 3241 1117 3321 πεφρίκοντας
1133 3241 1234 3320 (Pyth.
1248 3243 1302 3302 IV.
1321 3243 1390 3302 179.

314 3345 387 3419 183)
409 3345 504 3404 solum
525 3365 565 3404 ex
585 3346 706 3406 Aeolica
727 3347 851 3406 dialecto
874 3353 1000 3422 possunt
1020 3329 1152 3422 perfecta
1172 3344 1326 3421 explanari
1349 3343 1361 3420 (
1382 3389 1389 3404 .

310 3449 438 3507 Ahrans.
452 3449 494 3507 11.
512 3469 541 3525 p.
553 3453 623 3510 331.
644 3450 752 3525 Bergk.
770 3449 954 3522 Savelsberg.
970 3449 1006 3506 de
1021 3448 1079 3522 dig.
1094 3467 1123 3522 p.
1138 3452 1188 3507 36.
1202 3446 1297 3524 alios).
1330 3446 1390 3506 Sed

311 3570 369 3629 quo
391 3551 478 3609 modo
500 3550 615 3610 Aeolici
635 3551 790 3610 infinitivi.
804 3551 878 3627 perf.
900 3541 1048 3623 τεθνάκην
1070 3540 1309 3624 ἒπιτεθεωρήνην
1337 3548 1389 3626 (cf.

309 3645 441 3728 πρόσιᾶν
462 3671 516 3728 pro
538 3643 738 3730 rrpooro'ipevot
759 3653 791 3710 in
813 3653 858 3712 tit
880 3653 985 3728 Eryth.
1007 3651 1027 3710 l.
1042 3656 1092 3710 35.
1107 3651 1159 3726 43)
1182 3651 1234 3730 qui
1249 3656 1388 3710 accentus

310 3754 429 3814 retracti
449 3755 480 3814 vi
503 3775 548 3812 -αι
568 3755 740 3814 abiecerunt
759 3753 879 3813 formati
900 3753 974 3826 sint,
1001 3757 1101 3812 utrum
1121 3758 1244 3828 propter
1263 3752 1387 3812 aliorum

309 3854 524 3916 infinitivorum
545 3856 710 3932 analogiam
732 3857 780 3931 (cf.
798 3847 891 3929 κοίλην
906 3848 1040 3933 γενήθην
1061 3848 1232 3931 μεθύσθην)
1255 3853 1386 3914 vocalem

309 3957 512 4032 produxerint,
533 3958 565 4016 id
586 3959 665 4037 quod
679 3957 792 4017 Hirzal.
808 3978 837 4034 p.
852 3958 890 4017 27
914 3960 1028 4034 probat,
1050 3976 1087 4015 an
1102 3957 1161 4014 alia
1177 3957 1213 4016 de
1228 3976 1322 4029 causa,
1343 3987 1387 3998 -

310 4077 378 4116 nam
403 4059 545 4118 Ahrensii
573 4061 609 4118 de
635 4060 828 4137 productione
854 4058 1079 4137 compensatoria
1104 4063 1198 4135 p.89.
1219 4062 1277 4117 148
1306 4057 1386 4134 cogi·

310 4160 401 4218 tantis
422 4161 523 4237 opinio
544 4181 606 4220 nou
625 4163 778 4239 probanda
798 4169 843 4222 est
862 4195 905 4206 -
931 4161 1017 4221 mitto
1039 4179 1194 4241 quaerere;
1223 4143 1326 4220 contre
1349 4161 1386 4220 de

309 4260 472 4338 participiis
493 4281 568 4342 quae
589 4281 685 4350 neque
707 4284 773 4325 cnm
786 4264 912 4327 Plehnio
932 4264 967 4330 in
981 4263 1114 4324 Lesbiae.
1131 4261 1198 4323 libr.
1221 4281 1249 4340 p.
1266 4265 1325 4321 leo
1346 4262 1384 4321 ab
