3114 4994
801 423 862 488 152

576 645 603 724 ξ.
627 651 675 707 21.
720 647 770 706 De
792 647 1079 726 patronymioie.

373 749 484 824 Hero'd.
507 784 539 823 π.
562 784 691 845 πατρων.
711 766 751 826 II.
775 786 804 842 p.
822 769 892 839 858,
912 770 1050 824 22—29
1073 756 1110 822 roi
1131 761 1173 834 εἰς
1195 769 1237 823 ῶν
1258 786 1377 845 πατρω-

287 859 399 943 ννμικοὶ
420 867 544 927 Ionibus
566 859 602 926 roi
625 859 675 925 διαὶ
697 867 750 926 τοῦ
775 851 860 935 {bib}
882 867 1079 927 Aeoleneibue
1100 866 1265 930 vindicavit
1272 889 1280 939 ;
1313 869 1378 928 eine

289 969 408 1048 quidem
422 969 566 1028 Aeoliemi
581 971 730 1032 Homerus
744 989 805 1028 non
821 971 944 1046 praebet
958 968 1103 1046 exempla.
1139 970 1249 1029 contre
1262 971 1378 1030 formae

291 1085 367 1152 quae
388 1071 630 1132 terminationem
644 1057 699 1140 H}
720 1090 791 1150 pree
814 1072 919 1130 ueteris
937 1071 1024 1131 valde
1041 1069 1238 1130 Aeoleneibue
1255 1072 1378 1131 Boeotis

288 1173 438 1234 rhemis
454 1173 593 1234 usitatam
612 1173 651 1250 (v.
668 1157 742 1234 ihr.
757 1176 783 1232 1.
802 1194 830 1250 p.
844 1178 913 1234 ree.
926 1177 997 1232 κιο.
1012 1173 1055 1232 11.
1071 1191 1100 1248 p.
1112 1177 1182 1231 499.
1195 1153 1377 1250 ero-ore)

289 1295 361 1354 pree
389 1294 421 1334 ee
449 1276 566 1349 ferunt,
599 1296 637 1335 ex
663 1277 795 1335 Homero
823 1280 929 1351 utpote
957 1274 1096 1335 Aeolieae
1127 1268 1256 1352 Κρόνιος
1290 1275 1379 1334 Τελα-

288 1370 398 1452 μώνιος
423 1369 586 1445 Ποιάντιος
609 1369 787 1452 Καπανήϊος
807 1379 867 1438 huo
890 1376 971 1436 trebi
993 1376 1091 1435 solent
1117 1377 1283 1451 eBergkio
1306 1378 1378 1438 hist.

289 1479 347 1539 litt.
370 1499 400 1557 p.
419 1483 466 1537 56.
490 1483 586 1537 n.15.
615 1478 748 1538 Ameisio
770 1499 800 1556 p.
820 1483 874 1551 54;
905 1483 994 1558 etque
1021 1478 1080 1536 iem
1107 1497 1126 1536 α
1147 1478 1237 1539 eohol.
1262 1481 1376 1542 ood.B.

288 1582 327 1639 ed
347 1582 381 1637 T.
398 1585 468 1640 404.
499 1580 594 1656 (Huet.
612 1600 641 1656 p.
659 1585 749 1653 1214,
773 1580 826 1656 27)
854 1579 989 1656 Neptuni
1015 1599 1179 1653 cognomen
1205 1570 1378 1651 Ἑλικώνιος

290 1683 340 1761 (of.
356 1681 499 1740 Herodot.
517 1682 541 1739 I.
565 1700 588 1739 o.
610 1683 682 1759 148)
711 1683 749 1740 ed
771 1681 963 1742 Aeoleneium
990 1673 1072 1756 παρὰ
1100 1673 1153 1750 τοὶς
1174 1674 1292 1759 γενικὰς
1318 1683 1378 1742 τῶν

228 1822 231 1828 -
289 1775 495 1861 πρατοιύπων
521 1774 680 1858 κιήτικοής
700 1774 815 1852 τύπους
841 1783 990 1844 formandi
1011 1803 1123 1845 morem
1145 1784 1301 1843 remissum
1324 1791 1378 1859 oet,

289 1908 318 1947 v.
341 1886 453 1945 Herod.
476 1905 504 1962 p.
523 1888 593 1957 850,
613 1886 662 1944 27.
693 1886 767 1944 Ahr.
786 1886 811 1944 Ι.
833 1906 861 1963 p.
881 1891 949 1948 160.
974 1918 1016 1928 —
1059 1885 1117 1944 Sed
1142 1904 1203 1944 non
1230 1887 1379 1967 adsequor

293 1987 439 2070 quomodo
462 1987 534 2046 hino
556 1987 630 2049 oerti
650 1985 763 2066 aliquid
792 1986 870 2046 effioi
893 1987 1003 2064 poseit3
1030 1987 1132 2066 itaque
1160 2007 1224 2047 rem
1245 1994 1379 2065 praeter·

290 2093 410 2150 mittere
430 2089 528 2161 lioeet,
556 2089 731 2166 praesertim
758 2108 824 2148 oum
846 2089 878 2148 in
905 2088 1002 2148 titulis
1023 2087 1239 2150 recentioribus
1266 2091 1379 2170 ubique

289 2192 410 2266 longior
437 2189 608 2250 terminatio
636 2175 700 2258 ἶιος
726 2191 898 2252 inveniatur
929 2189 978 2267 (of.
1001 2191 1118 2267 Sauppe
1147 2211 1176 2267 p.
1197 2197 1246 2250 26.
1278 2193 1377 2252 wald.

289 2315 319 2372 p.
337 2299 387 2352 29.
407 2292 476 2370 38);
499 2297 588 2372 etque
604 2293 669 2352 eine
684 2291 745 2351 ulle
760 2292 945 2354 dubitatione
965 2291 1019 2350 illa
1032 2293 1171 2358 formatio
1186 2294 1280 2368 magio
1299 2313 1378 2354 eom-

289 2396 387 2456 munis
418 2398 481 2455 eret
511 2413 598 2473 quem
625 2398 661 2452 ut
688 2413 726 2453 ex
756 2393 915 2468 singularis
943 2393 1063 2454 dieleoti
1089 2394 1256 2473 propietate
1280 2397 1378 2475 repeti

289 2503 398 2576 posset.

643 2666 668 2744 §.
693 2674 742 2727 22.
785 2669 838 2728 De
860 2667 1021 2745 syntaxi.

379 2789 453 2848 cum
472 2787 534 2846 iem
555 2787 592 2844 ed
613 2787 703 2845 finem
719 2786 916 2864 pervenerim,
937 2787 996 2844 hoo
1016 2783 1081 2845 lo'oo
1098 2786 1243 2860 subiungo
1258 2786 1381 2846 unionm

294 2893 484 2970 preeoeptum
505 2889 544 2948 ad
572 2889 715 2967 syntexin
737 2892 875 2964 epeotens
898 2888 975 2967 quod
1004 2888 1041 2946 ed
1063 2887 1253 2966 participium
1274 2885 1381 2965 βριθο-

294 2986 367 3066 μένη
391 2989 425 3052 Θ.
443 2991 512 3053 307.
537 2991 570 3054 in
589 2990 682 3050 eohol.
704 2991 767 3054 eod.
784 2991 820 3050 D.
844 2994 889 3050 eet
911 2990 1107 3066 adscriptum:
1129 2984 1268 3064 κέχρηται
1288 2981 1380 3068 (eo.o‘

215 3091 217 3094 ’
292 3083 430 3169 ποιητής)
453 3093 560 3174 μετοχή
580 3083 646 3152 riori
669 3083 802 3168 ῥήματος
821 3087 872 3150 κάὶ
888 3087 948 3150 ἔστι
968 3082 1002 3150 τό
1025 3091 1120 3166 σχῆμα
1142 3087 1221 3149 ἴδιον
1235 3087 1379 3150 Αἰολέων.

293 3193 353 3253 sed
375 3193 487 3257 errarit
508 3194 766 3272 eoholiograpbue;
795 3213 864 3252 nem
885 3191 1077 3271 participium
1103 3213 1164 3252 non
1190 3192 1277 3254 verbi
1300 3193 1380 3252 finiti

296 3295 348 3356 sed
368 3293 506 3354 attributi
527 3294 592 3356 loeo
615 3294 696 3356 velet
716 3299 806 3374 utque
827 3294 861 3354 in
882 3293 998 3374 reliquo
1020 3294 1174 3354 enuntiato
1190 3291 1194 3374 1
1209 3286 1316 3370 μήκοον
1337 3329 1381 3339 --

293 3387 373 3474 κάρη
391 3388 495 3471 βάλεν,
517 3387 564 3470 ἥτ’
591 3392 636 3454 ἐνὶ
656 3388 744 3478 κήπῳ
753 3391 786 3474 „l
810 3396 916 3476 καρπῷ
941 3393 1108 3473 βριθομένη
1134 3395 1241 3455 omieee
1265 3400 1311 3454 eet
1332 3415 1380 3456 oo-

293 3500 366 3577 pule
387 3494 473 3557 ἐστίν.
517 3498 655 3556 Ceterum
676 3497 730 3558 vix
750 3501 797 3556 eet
812 3497 890 3576 quod
904 3516 1040 3556 moneam
1054 3497 1127 3564 tolie
1141 3493 1208 3574 περὶ
1224 3490 1381 3573 σχημάτων

294 3604 453 3678 praeoepte
474 3599 733 3674 grammatieorum
756 3619 819 3668 esee
842 3603 1008 3660 commenta
1029 3617 1064 3662 eo
1085 3599 1143 3658 fide
1166 3617 1275 3660 oerore.

379 3787 464 3848 Haeo
485 3791 549 3853 tota
576 3788 694 3869 farrago
718 3791 764 3852 ost
791 3805 880 3866 quem
903 3785 1046 3862 congessi.
1092 3785 1159 3849 Que
1179 3785 1381 3868 disputatione

296 3909 363 3958 oum
384 3889 512 3963 vestigia
526 3888 701 3948 elobutionio
714 3888 893 3947 Homerioee
907 3885 1030 3946 Aeolica
1051 3885 1189 3952 siminus
1206 3887 1307 3945 omnia
1326 3905 1380 3964 pro

298 3991 386 4053 oertie
408 4009 455 4050 me
478 3991 601 4052 erioieee
623 3995 655 4049 et
668 3989 811 4070 pleraque
834 3988 937 4054 saltem
952 3988 1119 4065 probabilia
1133 3987 1298 4052 reddidisse
1316 4008 1381 4067 spe-

296 4110 368 4166 rem,
390 4091 513 4166 eooingo
529 4113 577 4152 me
596 4111 676 4162 nuno
698 4091 733 4150 ed
757 4091 881 4151 elterem
899 4095 1022 4168 perlem,
1044 4095 1080 4149 ut
1101 4091 1137 4149 de
1159 4089 1333 4149 eondioione
1352 4095 1382 4149 et

298 4211 385 4264 oeuee
407 4213 508 4255 eorum
529 4195 632 4270 pouoie
648 4207 809 4280 erponem.

737 4347 940 4354 „ww—-
