3114 4994
699 453 761 518 119

187 611 259 670 ehus
282 628 352 685 ergo
374 609 525 669 Attioismi
550 609 780 668 studiosissimus
808 627 861 684 pro
883 608 1025 668 Zenodoti
1047 611 1178 684 vulgari,
1208 631 1269 670 non

186 712 296 771 Doriea
316 711 411 770 forma
433 710 604 787 (Duentzer.
627 731 656 787 p.
673 712 725 789 64)
753 706 862 768 τίσαιεν
883 709 1001 786 scripsit
1022 707 1131 770 τίσειαν
1148 717 1203 773 eto.
1228 713 1268 789 (r.

187 814 311 873 Laroeh.
334 832 363 889 p.
379 811 462 890 396).

273 915 304 992 3)
327 917 364 973 Iu
385 917 452 974 tert.
474 933 551 990 pere.
579 912 655 989 plur.
685 919 745 989 opt.
767 932 819 971 αιο
847 932 901 990 pro
929 934 980 973 ντο
1007 916 1086 991 apud
1106 915 1269 975 Aeolensea

184 1019 276 1078 fuisse
297 1017 424 1078 traditur
445 1021 534 1096 atque
556 1014 681 1074 eredidit
694 1016 826 1085 Ahrene;
849 1020 914 1076 erat
934 1017 1023 1077 etiam
1043 1017 1147 1076 Ionioa
1166 1018 1268 1076 termi-

185 1120 281 1193 natio,
311 1137 401 1198 quare
428 1115 611 1194 grammatici
638 1123 749 1176 temere
771 1116 927 1177 πειθοίατο
950 1120 996 1178 Μ.
1013 1124 1082 1178 229.
1106 1112 1138 1182 Ξ.
1153 1124 1202 1177 93.
1229 1120 1267 1180 ad

183 1221 366 1282 Aeolismum
394 1220 578 1295 relegarunt;
611 1223 711 1278 tamen
738 1218 863 1280 fortasse
892 1221 950 1280 hoo
976 1221 1054 1282 eadit
1083 1222 1116 1280 iu
1141 1221 1267 1280 formam

184 1321 319 1383 δευοίατο
338 1323 371 1380 Β.
390 1327 459 1382 128.
483 1321 519 1378 Ε.
533 1326 593 1378 202
617 1325 719 1398 utpote
742 1321 893 1408 Aeolicam
914 1321 953 1400 (ἓ.
966 1328 994 1381 3.
1012 1323 1053 1398 5).

269 1425 300 1502 4)
322 1427 431 1484 Parum
450 1427 528 1484 stare
545 1427 644 1499 potest
663 1423 718 1483 hio·
735 1423 918 1484 auetoribus
933 1424 1068 1486 laudatus
1083 1425 1266 1486 Aeolismns:

183 1523 329 1604 ἒπισχοῑες
351 1521 383 1590 Ξ.
400 1531 475 1600 241,
496 1543 594 1604 ·quam
615 1525 773 1585 lectionem
796 1527 966 1586 Aristarcho
994 1528 1147 1604 probatam
1169 1528 1265 1587 Hero·

182 1629 287 1689 dianus
309 1649 340 1687 π.
364 1632 435 1686 καθ.
459 1647 508 1704 πρ.
525 1628 550 1687 1.
572 1647 601 1703 p.
617 1632 677 1685 469
708 1627 841 1687 defendit
867 1627 978 1704 dupliei
1000 1629 1192 1706 explicationi
1218 1630 1264 1688 in·

184 1731 320 1807 dulgens,
339 1732 389 1792 vel
410 1748 474 1790 eam
497 1750 536 1789 ex
552 1725 681 1805 ἒπίσχοις
702 1749 756 1807 per
777 1730 978 1806 pleonasmum
999 1731 1116 1792 litterae
1136 1749 1149 1788 ε
1171 1736 1265 1791 ortam

54 1865 59 1882 ι
182 1852 247 1893 esse
268 1835 318 1894 vel
339 1853 377 1892 ex
392 1830 542 1910 ἐπισχοίης
558 1832 761 1903 adtenuatam,
781 1830 821 1908 (v.
842 1831 951 1890 Osann.
968 1835 1025 1893 An.
1044 1835 1128 1892 Rom.
1148 1853 1176 1908 p.
1192 1839 1264 1894 286.

182 1935 327 2030 Riblreok.
348 1937 381 1994 in
396 1955 474 1996 oens.
497 1956 525 2012 p.
544 1939 591 1993 11.
614 1932 736 1992 Laroeh.
755 1951 784 2008 p.
799 1932 880 2010 129),
904 1934 982 2012 quod
999 1941 1156 2013 nurumque
1174 1935 1264 2011 plane

181 2037 347 2096 inauditum
370 2042 428 2111 est,
459 2039 511 2096 aut
533 2031 697 2111 ἐπισχοίης,
725 2034 808 2093 euius
830 2033 993 2110 seripturae
1014 2055 1093 2095 nuno
1114 2037 1150 2094 ab
1170 2037 1264 2095 omni-

181 2139 236 2198 bns
251 2143 388 2216 reeeptae
404 2139 549 2198 rationem
566 2136 737 2196 Alexander
753 2135 943 2209 cotiaeensis,
966 2136 1151 2197 doctissimus
1167 2157 1262 2213 grem

180 2240 373 2319 matious⁸⁸)‚
395 2241 428 2299 iu
446 2240 523 2300 libro
546 2238 659 2298 deoimo
681 2237 740 2294 τῶν
761 2234 960 2296 παντοδαπῶν
980 2239 1013 2296 in
1034 2237 1124 2297 sehol.
1142 2242 1178 2298 A.
1198 2239 1261 2298 lau·
1375 2306 1378 2314 ,

180 2341 249 2402 dato
272 2342 314 2402 sio
336 2342 482 2403 reddidit:
503 2341 544 2423 τῷ
563 2336 710 2416 ἐπίσηοιμι
731 2330 906 2398 ἀκόλουθόν
924 2334 982 2398 ἔστί
1005 2332 1038 2398 τό
1059 2335 1198 2416 ἒπίσχοις,
1220 2342 1261 2423 τῷ

180 2438 214 2502 δὲ
236 2440 387 2521 ἐπισχοίης
407 2437 441 2503 vd
464 2441 631 2520 ἔπισχοίην·
656 2436 707 2498 καί
729 2437 800 2509 tows
821 2434 917 2510 οὕτως
938 2438 1003 2518 ἔχει,
1026 2435 1208 2521 παρεφθοίρη
1231 2437 1264 2501 δὲ

179 2536 240 2604 eiad
256 2547 315 2606 τῶν
329 2537 689 2624 μεταχαραιιτηρισοίντοον,
708 2542 750 2622 τῷ
766 2536 798 2600 δὲ
812 2544 973 2622 χαρακτῆρι
989 2537 1146 2623 γενόμενον
1159 2537 1263 2620 ὅμοιον

180 2648 222 2730 τῷ
246 2644 323 2724 ίοίην
338 2645 389 2707 καί
404 2638 548 2726 οἷγαγοίην
563 2638 644 2723 παροί
659 2645 788 2716 Σαπφοῖ
807 2643 854 2722 (fr.
874 2646 946 2723 159)
968 2642 1020 2704 καί
1040 2646 1081 2727 τῷ
1097 2645 1263 2725 πιπαγοίην

178 2741 248 2827 παρ’
270 2745 418 2810 ,essarta
441 2743 561 2817 εἰκότως
583 2739 792 2827 ἕβαροτονήθη
820 2738 852 2806 td
876 2743 1026 2834 ἐπισχοίης
1047 2740 1088 2819 οἱς
1108 2742 1266 2811 Αίολιιιόν..

177 2850 236 2910 Sed
257 2852 291 2911 in
313 2853 409 2912 forma
428 2851 495 2928 ipsa
515 2848 630 2910 insoliti
652 2850 724 2928 quid
752 2850 832 2910 inest
853 2854 888 2908 ut
909 2868 947 2908 ex
968 2849 1061 2910 altera
1082 2850 1212 2912 dialecto
1228 2851 1261 2912 in

179 2953 339 3013 Homerica
367 2954 497 3014 earmina
522 2953 677 3029 adsumpta
696 2951 828 3011 dicatur?
871 2953 924 3010 An
945 2958 1083 3012 aooentus
1103 2954 1260 3014 Aeolicus?

178 3056 231 3114 sed
259 3057 326 3134 quis
354 3062 472 3133 praeter
499 3053 583 3114 illum
611 3054 709 3113 loeum
734 3053 833 3129 potuit
860 3053 989 3112 habere?
1038 3055 1195 3131 Nugantur
1223 3058 1261 3116 de

177 3156 328 3216 Aeolismo
357 3177 445 3237 quem
464 3156 564 3216 neseio
592 3175 631 3214 an
658 3154 748 3214 etiam
770 3155 870 3214 Attieo
899 3155 1009 3215 eomioo
1035 3156 1259 3218 iuouleaverint.

178 3258 302 3318 Minime
323 3258 376 3317 illa
396 3259 514 3333 longior
530 3257 700 3318 terminatio
717 3257 850 3317 Aeolidis
870 3261 932 3317 tam
951 3257 1011 3318 fuit
1025 3260 1146 3336 propria
1166 3265 1200 3320 nt
1221 3262 1258 3321 ab

177 3359 303 3420 Homeri
316 3360 447 3420 Ionismo
461 3343 559 3419 aliena
572 3360 760 3431 iudicaretur,
782 3360 881 3435 potius
895 3359 1025 3436 vulgaris
1041 3361 1099 3420 fuit
1112 3361 1145 3420 in
1160 3360 1258 3438 σχοίην

179 3465 211 3521 et
230 3461 334 3521 Ionica
360 3463 393 3521 in
419 3453 540 3540 εὖροίην
568 3462 620 3540 (ex
641 3461 784 3537 Hippoor.
811 3481 839 3522 v.
861 3461 1006 3521 Matthiae
1032 3481 1074 3537 gr.
1094 3463 1119 3520 L
1141 3483 1170 3539 p.
1186 3467 1255 3522 443.

177 3562 316 3640 Spitzuer
337 3564 422 3642 adl.)
445 3569 476 3624 et
496 3565 606 3624 Doriea
624 3563 658 3622 in
679 3560 845 3640 πεπαγοίην
865 3581 904 3622 ex
921 3563 1075 3639 Eupolidis
1096 3563 1256 3626 Halotibus

178 3665 332 3743 desumpto
355 3666 395 3744 (v.
413 3666 486 3725 Ahr.
501 3667 543 3725 H.
566 3687 593 3742 p.
610 3665 684 3744 330)
706 3669 737 3725 et
757 3664 857 3725 Attica
876 3666 910 3724 in
931 3663 1095 3744 πεπηγοίην
1116 3665 1156 3743 (v.
1175 3666 1256 3729 Ourt.

177 3767 214 3826 de
235 3771 325 3845 temp.
347 3788 376 3845 p.
391 3767 476 3846 258).

266 3871 296 3948 5)
319 3874 420 3951 Atque
439 3870 462 3929 ii
484 3869 666 3947 grammatici
685 3871 762 3929 bene
782 3869 858 3945 lapsi
879 3872 949 3928 sunt
970 3868 1021 3946 qui
1040 3868 1190 3945 longiores
1209 3870 1254 3929 in·

178 3972 310 4033 finitivos
331 3973 365 4032 in
385 3991 497 4048 -εροναι
519 3990 593 4052 quos
613 3971 761 4031 Homerus
788 3990 827 4030 ex
847 3969 1033 4049 antiquitatis
1054 3991 1111 4030 usu
1131 3971 1256 4032 retinuit

176 4075 314 4135 Aeolioos
328 4079 480 4148 vocarunt,
501 4073 585 4134 velut
598 4072 688 4132 sohel.
704 4073 738 4132 L.
757 4073 792 4132 ad
807 4063 967 4148 ηολοὶσεμεν
982 4072 1020 4129 Α.
1037 4073 1092 4132 78:
1114 4090 1182 4148 εμεν
1195 4073 1255 4134 τῶν

178 4171 320 4256 Δωριέων
332 4210 366 4222 -
378 4173 498 4255 (ἐκεῖνον
519 4167 574 4254 γοίρ
596 4166 632 4232 τοί
656 4169 697 4242 εἰς
719 4192 762 4232 ειν
783 4170 824 4244 εἰς
840 4192 905 4250 apro
919 4174 1123 4249 μεταποιοῦσι·
1146 4167 1255 4251 τύψειν

246 4311 290 4377 36)
308 4313 345 4361 cf.
363 4269 450 4361 usuri.
469 4314 561 4370 quaest.
580 4311 640 4370 apio.
658 4309 689 4357 de
705 4309 801 4369 Apione
818 4311 895 4370 ρ.12.
