3092 4996
689 524 732 588 45

168 683 350 742 confidenter
371 702 409 742 ex
426 680 549 740 Aeolica
565 679 647 757 poesi
664 679 841 738 remansisse
865 680 914 755 (ef.
932 685 1007 756 part.
1025 679 1160 756 alteram)
1186 700 1255 739 con-

166 786 320 858 tenderim,
343 784 400 842 etsi
415 783 613 844 Alexandrini
634 783 682 842 his
701 787 841 862 quattuor
861 781 1015 856 vulgarem
1032 786 1188 841 accentum
1209 783 1255 840 in-

165 891 336 963 posuerunt,
359 886 461 966 itaque
478 885 578 945 omnia
591 884 696 944 Ionica
710 905 774 944 esse
790 884 968 943 iudicarunt.
1005 883 1137 943 Maxime
1156 889 1256 942 autem

164 989 197 1047 in
218 990 268 1048 his
289 989 449 1048 Aeolismis
472 987 637 1047 conlocatio
661 986 773 1048 evincit
795 986 922 1065 speeiem
944 985 1154 1056 formularum
1183 1005 1254 1044 con·

166 1097 281 1152 stanter
308 1092 388 1150 enim
419 1083 528 1162 ζάθεος
549 1082 674 1161 ζάκοτος
702 1082 772 1164 ζαής
800 1107 818 1147 a
848 1088 969 1147 secundi
995 1087 1079 1164 pedis
1107 1089 1186 1147 thesi
1206 1089 1254 1146 in-

164 1193 281 1270 cipiunt
301 1198 392 1273 atque
414 1184 540 1269 ζαχρηής
562 1184 704 1270 §opterit
725 1191 844 1251 initium
859 1210 999 1252 ramnum
1018 1191 1163 1263 obtinent,
1186 1209 1252 1248 cum

165 1296 260 1354 solum
283 1286 429 1373 ζατρεφής
449 1294 495 1354 bis
518 1313 585 1352 cum
606 1294 680 1366 illis,
698 1293 864 1352 identidem
887 1313 953 1352 cum
974 1292 1023 1352 his
1044 1293 1148 1352 faeiat:

165 1395 275 1456 Κίλλαν
296 1416 327 1455 τε
349 1393 460 1472 ζαθέην
481 1397 519 1453 Α.
538 1402 587 1454 33.
607 1401 678 1454 452.
732 1395 863 1472 ζαχρηῶν
883 1387 1002 1469 α’νέμων
1024 1395 1061 1453 E.
1082 1400 1153 1455 525.

164 1493 265 1557 Νῖσάν
287 1519 319 1558 τε
339 1493 450 1574 ζαθέην
472 1499 506 1555 Β.
526 1503 596 1557 308.
731 1499 863 1573 ζαχρηεῖς
873 1493 1028 1555 τελέθουσι
1040 1498 1085 1556 Μ.
1100 1497 1170 1557 347.
1183 1503 1255 1556 360.

165 1595 281 1680 Κρῖσάν
301 1619 333 1659 τε
355 1597 465 1676 ζαθέην
488 1599 520 1658 Β.
541 1605 611 1658 520.
730 1600 862 1676 ζαχρηεῖς
884 1597 1019 1677 γίγνοντο
1043 1599 1083 1660 Ν.
1103 1605 1173 1659 684.

166 1696 271 1781 Φηροῖς
292 1723 323 1761 τε
345 1699 454 1775 ζαθέας
477 1703 500 1760 I.
521 1707 590 1762 151.
608 1708 680 1762 293.
731 1697 884 1781 ζαφλεγέες
905 1697 1058 1760 τελέθουσι
1083 1699 1120 1758 Φ.
1137 1707 1207 1760 465.

163 1799 197 1874 ὅς
217 1797 242 1864 τ’
264 1797 374 1880 ὅτ’νεμος
395 1799 466 1880 ζαής
489 1805 535 1863 Μ.
554 1805 622 1864 157.

162 1899 201 1978 οἷς
222 1903 252 1966 δ’
281 1899 390 1982 doceor
412 1899 482 1978 ζαής
505 1927 526 1965 ε.
545 1908 615 1966 367.

162 1997 253 2086 ὦρσεν
278 2005 327 2067 ἔτι
349 2011 421 2085 ζαῆν
442 2001 548 2084 ἄνεμον
571 2031 599 2084 μ.
616 2014 686 2068 313.

162 2110 253 2188 φαίης
277 2131 311 2170 κε
333 2105 456 2183 ζάκοτον
478 2111 511 2169 Γ.
529 2116 600 2169 220.

160 2208 280 2294 ταύρων
302 2209 469 2290 ζατρεφέων
492 2214 532 2272 Η.
552 2219 622 2275 223.
730 2209 890 2292 ζατρεφέας
912 2213 1042 2293 (φώκας)
1067 2212 1092 2270 d.
1110 2219 1181 2272 451.

161 2313 215 2377 aiei
239 2313 411 2394 ζατρεφέων
433 2309 542 2374 σιάλων
563 2313 586 2384 ξ.
605 2320 651 2373 19.
730 2312 895 2395 ζατρεφέων
917 2313 1010 2394 αἰγῶν
1031 2315 1054 2386 ξ.
1075 2321 1144 2376 106.

245 2417 344 2476 Omisi
368 2411 541 2496 Κυθήροισι
563 2412 696 2488 ζαθέοισι
722 2421 755 2478 Ο.
773 2425 834 2477 432
864 2419 897 2476 in
924 2419 984 2477 fine
1006 2419 1138 2496 positum
1166 2436 1255 2498 quam

163 2519 328 2582 clausulam
355 2523 480 2597 praebet
508 2541 611 2581 versus
634 2526 693 2580 192
721 2521 842 2580 Hesiod.
871 2521 997 2595 Theog„
1032 2540 1099 2579 oum
1127 2520 1257 2580 formula

164 2625 287 2682 omnino
310 2642 451 2700 perversa
473 2623 525 2696 sit3
549 2622 703 2700 epitheton
724 2623 818 2698 igitur
839 2623 949 2696 Oillae,'
963 2622 1045 2682 urbis
1061 2622 1201 2682 Aeolicae
1222 2623 1256 2682 in

164 2727 280 2787 'l'roade
300 2727 373 2785 sitae
396 2727 438 2804 (v.
454 2727 565 2785 Herod.
583 2728 606 2786 l.
630 2746 653 2785 c.
674 2727 757 2803 149),
779 2727 933 2804 proprium
951 2726 1052 2784 nescio
1070 2745 1108 2784 an
1126 2746 1142 2783 e
1157 2725 1253 2802 primo

165 2828 298 2888 carmine
319 2827 409 2908 idque
431 2829 630 2908 subsequente
649 2829 743 2905 priori
764 2835 849 2904 perte
869 2847 957 2907 quam
972 2829 1182 2887 Lachmannus
1202 2849 1255 2905 po-

162 2932 222 2991 suit
253 2949 271 2988 a
298 2931 395 3006 poetis
427 2929 554 3004 catalogi
582 2931 619 2988 ad
646 2930 777 2989 Boeotio.
801 2929 904 2989 Nisam
935 2935 965 2990 et
990 2929 1110 2989 Phocic.
1141 2931 1255 2990 Orisam

163 3040 256 3114 atque
272 3051 290 3090 a
306 3033 419 3091 recenti
434 3040 554 3091 auctore
569 3033 666 3093 octavi
683 3033 822 3092 carminis
840 3031 890 3109 (ci.
903 3033 1025 3091 Lachm.
1040 3033 1253 3107 Betrachtung.

162 3158 190 3214 p.
209 3135 267 3213 26)
296 3135 333 3192 ad
355 3135 483 3194 Messen.
506 3135 620 3194 Pheras
646 3134 824 3194 translatum
852 3134 904 3207 sit,
938 3133 971 3192 in
995 3135 1127 3212 Odyssea
1155 3139 1254 3194 autem

162 3259 222 3299 vox
248 3257 324 3316 quae
347 3236 545 3310 granditatem
567 3239 713 3317 quandam
735 3236 850 3296 redolet
877 3240 908 3294 et
928 3236 1021 3294 habet
1048 3237 1166 3311 augusti
1188 3258 1253 3316 spe·

164 3341 248 3412 ciem,
271 3337 347 3397 nulli
368 3340 487 3398 urbium
504 3339 619 3399 nomini
642 3339 741 3400 addita
764 3345 816 3398 est.
860 3339 906 3396 De
923 3338 1047 3398 Aeolica
1063 3339 1160 3398 forma
1181 3332 1254 3415 ζὰην

163 3464 193 3503 v.
216 3442 243 3522 ς.
264 3446 311 3513 13,
332 3445 358 3499 e.
685 3409 696 3458 '

247 3543 353 3622 Neque
369 3561 434 3601 eam
448 3543 619 3619 opinionem
632 3544 790 3620 inpediunt
803 3563 879 3623 quae
894 3543 953 3602 alia
967 3544 1044 3622 apud
1060 3543 1135 3602 elios
1150 3547 1252 3620 poetas

163 3645 320 3720 leguntur:
342 3639 484 3720 ζαμένησε
505 3647 576 3705 Hes.
595 3649 638 3705 th.
658 3651 729 3719 923,
752 3639 875 3721 ζαμενής
896 3646 999 3724 hymn.
1021 3645 1054 3703 in
1070 3646 1163 3704 Mero.
1181 3642 1251 3718 307,

165 3747 252 3831 Bind.
273 3748 311 3806 N.
329 3747 383 3806 IV.
408 3751 459 3821 13,
489 3748 577 3826 Soph.
599 3747 648 3807 Αἱ.
668 3749 743 3816 137,
775 3740 929 3822 ζαπληθής
948 3747 1056 3806 Aesch.
1077 3747 1158 3805 Pers.
1180 3751 1252 3819 316,

165 3851 300 3926 Antipat.
318 3848 351 3907 in
362 3851 454 3909 Antb.
468 3851 562 3909 Palat.
578 3850 647 3909 VII.
665 3850 714 3923 75,
737 3855 761 3923 l,
778 3841 1026 3929 ζάπυροςΑοεοΙι.
1044 3849 1143 3908 Prom.
1160 3853 1251 3922 1084,

166 4033 235 4081 illam
252 4034 372 4082 rationem
389 4036 514 4097 praetulit,
532 4035 590 4094 quia
605 4049 685 4094 neque
702 4037 853 4096 praepositio
872 4035 913 4096 ζα·
930 4036 1079 4096 reperiretur
1100 4049 1154 4084 eum
1172 4038 1253 4084 vocali

167 4118 238 4166 verbi
255 4121 381 4168 confluens
399 4121 446 4168 nisi
463 4121 526 4168 forte
543 4121 569 4166 in
588 4135 701 4168 sermone
718 4122 823 4182 plebeio,
844 4136 923 4181 neque
942 4137 959 4170 α
975 4123 1085 4182 longum,
1104 4123 1170 4182 quod
1187 4122 1253 4170 idem

167 4203 288 4251 baberent
304 4219 354 4252 non
370 4210 495 4254 contracta
511 4197 592 4266 εὖᾶῆς
610 4200 718 4270 δνςᾶτὶς,
735 4208 865 4266 quiequam
882 4206 1008 4254 indicaret.
1041 4208 1161 4255 Probavit
1172 4214 1253 4256 autem

170 4289 362 4349 conpositionem
379 4291 535 4340 Herodianus
561 4295 586 4338 et.
603 4295 687 4337 auctor
703 4291 743 4338 Et.
761 4293 794 4338 Μ.
814 4297 887 4351 atque
912 4291 1076 4341 dubitationes
1100 4307 1174 4354 aegre
1198 4295 1254 4340 tulit

171 4371 290 4422 OEiristius
308 4379 402 4436 p.151.
