3114 4994
801 400 864 464 102

284 550 416 634 λέγοντες
442 548 495 612 καὶ
515 545 548 612 τό
576 550 670 624 ίππος
690 550 801 631 ίππορ·
831 545 927 622 οὕτως
956 539 1083 613 οὖνκαὶ
1109 545 1225 632 μάρτυς
1244 547 1376 633 μάρτυρ,

287 648 339 732 ἐφ’
362 642 399 731 ἧς
420 651 553 714 ίιιπίπτει
569 647 772 732 πληθυντικόν
793 651 826 714 οί
839 648 985 734 μάρτυρες
1006 647 1089 732 παρά
1110 673 1141 714 τε
1158 660 1302 730 κωμικοῖς
1323 653 1376 716 καὶ

285 750 472 818 Ἱππώνακτι.
494 753 527 815 οί
539 755 572 816 δέ
593 777 625 834 γε
640 749 787 834 μάρτυροι
809 748 869 816 άπό
892 758 945 830 τῆς
966 748 1152 836 όμάρτυρος
1173 749 1294 828 εὐθείας
1310 749 1377 820 οἷον

289 851 503 937 ἐπιμάρτυρος
523 860 562 916 Η.
581 861 630 921 76,
674 859 768 918 Valde
791 880 862 920 sane
886 860 1113 920 admirationem
1134 865 1256 921 movent
1277 875 1377 942 neque

288 963 348 1024 scio
370 982 410 1021 an
432 963 524 1023 verba
545 962 744 1038 corruptelam
765 962 929 1034 traxerint3
959 982 1029 1022 nam
1054 963 1090 1020 de
1111 964 1292 1022 rhotacismo
1315 984 1377 1023 non

288 1069 405 1126 constat
425 1063 485 1122 nisi
507 1064 585 1140 apud
607 1063 696 1122 Eleos
717 1069 748 1122 et
769 1065 951 1125 recentiores
972 1065 1123 1138 Lacones;
1147 1085 1244 1146 neque
1267 1085 1377 1125 nomen

285 1160 406 1226 Ἠλείων
427 1166 546 1228 ridetur
566 1165 789 1224 rescribendum
811 1167 1040 1246 quiaquantum
1062 1167 1123 1226 scio
1139 1168 1324 1242 grammatici
1340 1169 1377 1227 de

287 1270 362 1330 Elea
383 1268 509 1328 dielecto
527 1286 674 1346 nusquam
687 1269 869 1328 mentionem
883 1263 1098 1345 iniecerunt*).
1144 1271 1282 1330 Formam
1304 1291 1376 1330 vero

289 1373 326 1431 de
341 1391 400 1452 qua
414 1370 514 1445 agitur
527 1369 652 1442 legimus
671 1369 703 1427 in
718 1369 815 1430 titulis
829 1370 984 1448 Delphicis
999 1391 1024 1430 e.
1040 1371 1059 1429 i.
1079 1371 1113 1430 G.
1129 1373 1154 1430 Ι.
1173 1393 1201 1430 ιι.
1218 1373 1309 1444 1702,
1329 1377 1376 1430 15.

294 1475 448 1546 1704,15.
474 1473 510 1530 17
515 1476 564 1543 06,
584 1472 639 1530 17:
661 1463 806 1549 μάρτυροι
821 1468 852 1530 οἱ
861 1469 953 1549 1ίερεῑς
968 1473 1022 1531 τοῦ
1043 1464 1234 1541 Ἀπόλλωνος.
1269 1476 1377 1553 Itaque

289 1577 368 1636 unde
389 1573 569 1634 Homeridce
590 1592 656 1632 eam
678 1573 863 1651 adripuerint
890 1595 951 1634 non
974 1575 1113 1652 expedio;
1145 1576 1329 1634 Aeolismum
1352 1577 1377 1634 si

289 1683 376 1750 esset,
397 1676 450 1738 vix
472 1676 663 1736 Aristarchus
685 1676 883 1751 praetulisset.
905 1711 947 1720 -
977 1677 1078 1737 Tertio
1099 1678 1166 1737 loco
1188 1678 1325 1737 scholion
1338 1679 1375 1736 D.

290 1781 327 1840 ad
348 1780 388 1838 A.
405 1784 477 1838 402.
507 1770 710 1856 ἑκατόγχειρον
738 1770 925 1856 ἑκατόγχειρα
947 1775 1098 1848 Αίολικοῑς
1127 1781 1295 1839 addendum
1323 1785 1375 1840 est.

288 1884 488 1959 Exspectatur
510 1900 581 1939 saue
603 1880 741 1939 siminus
764 1872 960 1958 ἐκατόγχηρου
982 1883 1069 1959 (Ahr.
1085 1883 1109 1940 I.
1130 1883 1181 1960 89)
1205 1887 1236 1941 at
1257 1875 1376 1959 ἑκατόγ-

287 2003 391 2064 χερρου
403 1983 482 2063 quod
495 1982 636 2042 facillime
651 1982 779 2058 priscam
793 1981 992 2042 litteraturam
1003 1985 1268 2061 manspouentibus
1278 1984 1374 2061 possis

289 2089 455 2148 condonare
462 2106 470 2156 ;
491 2103 589 2163 neque
611 2083 709 2142 minus
727 2086 866 2158 congruit
879 2087 1018 2146 formatio
1041 2106 1107 2145 cum
1130 2079 1253 2164 άγωυος,
1276 2092 1376 2146 tamen

289 2188 444 2250 diiudicari
463 2206 524 2246 non
544 2185 615 2244 licet
637 2186 688 2262 (cl.
705 2186 785 2259 vulg.
805 2179 971 2265 ἑκατόγχειρ
990 2180 1147 2265 μακρόχειρ
1164 2207 1210 2264 ap.
1222 2187 1375 2247 Plutarch.

288 2284 426 2369 πολύχειρ
449 2309 494 2367 ap.
513 2288 622 2346 Aeseh.
640 2288 722 2347 Pers.
741 2293 788 2346 83.
818 2289 973 2366 8ορ1ι.“Ε1.
990 2295 1061 2348 488.
1091 2290 1214 2349 Aristot.
1233 2289 1298 2348 Pol.
1316 2291 1376 2349 m.
1438 2321 1440 2324 ·

289 2416 313 2458 o.
333 2399 368 2454 11
395 2394 446 2452 sed
467 2383 640 2468 πολόχειρος
661 2390 740 2467 κρατί
757 2391 968 2469 Heraclidem).
1012 2392 1161 2451 Ameisius
1176 2413 1205 2468 p.
1219 2397 1268 2450 46.
1293 2383 1377 2450 διάκ-

289 2517 349 2575 τωρ
372 2488 529 2571 διάκτορος
550 2484 688 2568 χρυσάωρ
710 2485 875 2568 χρυσάορος
898 2493 1033 2552 eontulit.

375 2595 408 2673 4)
431 2597 504 2656 eum
525 2595 558 2653 in
573 2594 601 2653 S.
616 2595 654 2652 fr.
673 2599 759 2666 29,2
782 2587 881 2662 όσσοις
901 2595 1123 2676 metaplasticos
1138 2594 1265 2666 dativus,
1289 2615 1377 2674 quem

289 2701 419 2760 Ahrens.
439 2719 469 2775 p.
485 2703 545 2756 236
570 2715 637 2755 eum
659 2715 722 2754 esse
745 2697 796 2775 qui
818 2698 927 2756 dieitur
947 2697 1101 2758 Aetolieus
1124 2696 1246 2770 censuit,
1269 2703 1376 2770 exstet,

291 2804 328 2862 ab
344 2800 467 2860 Aeolios
488 2815 561 2858 voce
584 2788 602 2856 ό
622 2797 672 2857 vel
688 2790 721 2856 τό
740 2790 828 2868 όσσος
849 2799 889 2876 (v.
906 2800 1000 2859 Bustii
1016 2805 1079 2859 not.
1099 2800 1136 2858 ad
1154 2799 1240 2872 Greg.
1259 2819 1288 2876 p.
1302 2800 1376 2874 615)

290 2902 467 2964 Homericus
489 2899 584 2960 dualis
612 2891 680 2959 όσσε
708 2920 775 2959 cum
802 2902 1001 2976 grammaticis
1030 2902 1081 2982 qui
1108 2901 1167 2978 ipsi
1195 2901 1312 2961 dualem
1340 2903 1376 2960 ab

291 3005 425 3066 Aeolidis
446 3022 501 3062 usu
522 3003 611 3078 plene
637 3003 826 3062 abhorruisse
848 3004 970 3064 tredrmt
991 3003 1120 3066 derivari
1142 3003 1259 3084 nequit;
1289 3023 1377 3066 cause

292 3113 391 3168 autem
410 3105 492 3164 illius
513 3104 722 3164 alueinetionis
743 3105 892 3164 neminem
911 3106 994 3178 latet,
1016 3127 1045 3164 v.
1065 3105 1091 3183 §-
1106 3111 1133 3164 5.
1155 3107 1198 3165 H.
1219 3112 1247 3167 2.

517 3291 545 3370 ς.
569 3297 616 3350 13.
660 3291 713 3350 De
735 3293 854 3352 tertia
876 3293 1149 3356 declinatione.

379 3414 409 3490 1)
432 3411 589 3471 Feminina
603 3413 752 3472 abstracta
772 3411 804 3470 in
819 3431 885 3482 -τυς
901 3411 1061 3472 terminata
1081 3411 1181 3490 qualia
1203 3417 1272 3471 sunt
1288 3403 1377 3470 άκου-

291 3508 390 3585 τιστός
410 3506 528 3592 βρωτός
549 3504 695 3592 άγορτχτός
716 3505 848 3591 γραππός
870 3504 978 3588 ἐπητός
1001 3505 1224 3587 deprecatorie
1245 3505 1375 3588 projenie

293 3608 436 3694 ότρυυτός
463 3609 628 3692 ρυυτακτός
648 3607 792 3684 τανυοτός
818 3615 876 3674 elia
899 3616 977 3692 apud
998 3616 1162 3675 Homerum
1191 3615 1376 3690 grammatici

293 3719 488 3782 Aeoleusibus
509 3720 718 3790 adseruerunt,
748 3718 784 3776 cf.
804 3717 896 3777 schol.
913 3718 949 3776 V.
969 3718 1005 3775 ed
1030 3709 1147 3792 ἒλερτόν
1169 3716 1193 3788 ξ.
1213 3723 1261 3778 82.
1286 3714 1374 3778 ἔλεον.

293 3814 420 3896 Aloeus}
436 3811 457 3896 ἦ
471 3813 631 3892 διάλεκτος,
654 3819 744 3878 schol.
760 3820 794 3878 B.
810 3820 847 3877 ad
863 3811 1041 3897 κιθαριστόν
1059 3820 1092 3877 Β.
1106 3825 1181 3880 60οι
1204 3812 1223 3879 ό
1238 3836 1375 3895 σχηματι-

361 3986 388 4050 *)
405 3990 478 4036 Nunc
494 4003 557 4037 unus
575 3991 643 4037 locus
660 3989 720 4035 mihi
738 3987 859 4046 obcurrit,
878 4003 950 4048 quem
969 3987 1090 4050 Sauppius
1109 3989 1140 4035 ad
1157 3989 1219 4036 Plat.
1237 3989 1304 4035 Prot.
1316 3988 1373 4036 341.

292 4070 320 4121 0.
338 4089 362 4136 p.
376 4076 425 4122 104
443 4073 480 4120 sd.
492 4075 536 4120 111.
553 4089 583 4120 ex
595 4075 662 4121 Eust.
679 4089 703 4134 p.
719 4075 776 4131 279,
795 4077 827 4123 36
845 4073 1011 4133 transcripsit:
1030 4068 1215 4136 ἐκωμῳδοῦυτο
1232 4069 1268 4131 δέ,
1287 4067 1372 4137 φασίν,

294 4156 317 4209 οἱ
332 4151 474 4222 Ἐρετριεῖς
486 4151 522 4216 τός
533 4156 616 4224 πολλῷ
634 4157 672 4226 τῷ
685 4158 700 4219 β
713 4154 738 4208 ἐι
756 4161 812 4216 ταῖς
824 4153 934 4222 ὁμιλίαις
945 4153 1076 4222 χρώμενοι.
1097 4152 1135 4208 διό
1150 4153 1194 4207 καὶ
1206 4149 1285 4215 adrat,
1304 4150 1374 4206 καθὰ

294 4240 338 4294 καὶ
353 4234 459 4304 Ἠλεῖοι,
477 4238 669 4310 βαρβαρόφωιοι
686 4240 826 4302 ἐκαλοῦντο,
845 4235 883 4300 τός
899 4238 924 4294 ἐν
943 4239 1068 4307 ῥητορικῷ
1088 4231 1193 4305 εὕρηται
1211 4235 1311 4304 lettre.
