3114 4994
815 485 876 552 166

300 661 390 722 quum
410 659 480 702 sane
496 643 639 703 sermonis
658 641 787 702 colorem
808 643 959 714 curabant,
982 659 1069 720 quem
1090 639 1304 699 consuetudine
1321 657 1388 700 sau·

301 744 391 804 citum
409 745 460 825 qui
481 744 574 804 secuti
590 750 668 817 suut,
689 763 749 824 quc
767 742 907 819 gravitmi
927 751 958 804 ct
971 741 1118 802 maiestati
1134 742 1297 800 carminum
1319 761 1390 801 cou-

302 846 442 922 sulerent,
464 865 550 925 quam
568 846 696 906 maxims
713 846 862 906 adfectare
880 845 1058 906 et'retdusra
1072 843 1215 918 solebant,
1236 844 1269 902 in
1284 844 1392 904 ceteris

303 949 421 1029 quidem
443 951 532 1010 rebus
558 967 652 1025 genus
673 947 816 1028 loquendi
843 947 971 1025 simplex
998 965 1097 1026 neque
1118 944 1311 1006 dialectcrum
1333 946 1392 1005 dia·

302 1051 463 1130 crepantiis
479 1052 610 1111 fucatum
632 1051 823 1121 adhibentea;
846 1050 930 1110 cuius
946 1050 991 1109 rei
1013 1067 1074 1108 non
1089 1047 1192 1107 dubito
1206 1048 1390 1124 praeclarum

303 1155 472 1231 exemplum
494 1153 664 1230 saepissime
685 1153 744 1213 iam
766 1171 865 1232 neque
886 1152 1025 1212 inmerito
1046 1152 1084 1209 ad
1106 1150 1280 1210 Homericus
1302 1170 1390 1230 quae·

305 1255 417 1317 stiones
431 1256 586 1316 remissum
603 1255 634 1315 in
650 1255 816 1330 analogiam
831 1254 983 1327 advocare,
1006 1253 1137 1314 carmina
1151 1252 1218 1312 dico
1234 1252 1393 1312 Theotisca

303 1360 340 1418 de
355 1357 532 1434 Nibeluugis
553 1358 640 1431 lacta,
663 1377 789 1437 quorum
811 1356 938 1418 elocutio
959 1356 1108 1416 interdum
1130 1354 1282 1434 antiquior
1303 1373 1392 1433 quam

307 1481 361 1537 pro
383 1460 437 1520 illa
456 1465 562 1533 aetate,
587 1464 687 1520 tamen
708 1479 830 1537 promus
851 1463 923 1536 puta
944 1478 978 1519 ac
999 1477 1074 1535 pura
1095 1463 1142 1518 est
1162 1476 1181 1517 a
1200 1456 1393 1518 dialectornm

306 1560 595 1639 discriminibus⁸⁹).

390 1662 448 1724 Sed
469 1664 528 1722 iam
550 1664 711 1741 disputatio
738 1664 877 1741 prolapsa
904 1669 950 1724 eet
977 1664 1057 1723 nuda
1086 1663 1151 1722 sine
1172 1661 1242 1721 allis
1269 1661 1394 1722 salebris

304 1763 464 1842 explicatio
484 1765 529 1824 rei
551 1784 641 1845 quam
657 1771 816 1826 mactamus
829 1771 920 1843 patet
957 1767 1010 1824 Ex
1027 1783 1154 1824 earum
1172 1765 1288 1824 solum
1306 1785 1393 1840 gen-

306 1867 400 1928 tium
431 1867 690 1942 sermonibus,
722 1869 818 1944 apud
848 1888 942 1948 quas
971 1867 1121 1944 pridem
1149 1885 1209 1926 ars
1237 1858 1393 1944 poetica

307 1969 498 2030 factitata
525 1970 685 2043 luisset,
714 1969 867 2051 aliquas
895 1971 1036 2030 icrmas
1065 1968 1237 2047 potuisse
1267 1968 1394 2045 recipi

306 2071 474 2152 ideoque
502 2073 649 2134 fontem
681 2072 930 2132 Aeoliccrum
960 2070 1217 2147 vestigiorum
1249 2071 1395 2130 nullam

307 2175 412 2234 aliam
440 2194 519 2234 rem
541 2175 686 2251 aperire
714 2195 822 2255 quam
851 2173 1051 2234 historiam
1079 2173 1213 2250 poesis
1242 2174 1393 2250 epicae,

307 2295 395 2356 quae
415 2275 561 2336 fuisset
582 2284 667 2338 ante
689 2277 863 2336 carmina
883 2276 1098 2350 Homerica,
1119 2275 1304 2336 confidenter
1325 2296 1395 2336 con·

307 2379 461 2452 tenderim‚
485 2380 564 2459 quod
587 2380 653 2439 aliis
670 2379 759 2440 etiam
774 2379 873 2443 visum
888 2384 959 2440 erat.
1004 2378 1088 2438 Haec
1103 2378 1182 2438 enim
1197 2379 1261 2438 eius
1276 2378 1395 2454 generis

307 2501 368 2559 uon
389 2480 485 2558 prima
504 2481 596 2542 fuisse
618 2487 649 2540 et
669 2487 843 2557 argumenta
864 2487 896 2542 et
915 2482 1019 2555 forma,
1042 2481 1113 2560 quia
1132 2500 1239 2541 vocum
1258 2482 1345 2558 copia
1364 2485 1396 2542 at

307 2583 426 2642 ubertas
452 2587 542 2662 utque
569 2601 672 2642 versus
701 2583 818 2659 agilitas
845 2584 940 2644 solum
970 2603 987 2643 a
1014 2584 1153 2643 diuturna
1180 2584 1298 2643 artificii
1325 2603 1396 2644 ccu-

308 2683 463 2746 suetudine
484 2685 714 2760 explicationem
734 2685 839 2758 babet,
863 2687 935 2746 satia
955 2685 1097 2758 clamant,
1125 2703 1224 2765 nequa
1243 2686 1324 2746 iuter
1344 2707 1395 2749 ve·

307 2784 443 2862 croam)
469 2805 567 2866 neque
592 2787 673 2846 inter
701 2787 943 2864 recsnuornss)
971 2788 1033 2847 nlla
1062 2787 1121 2846 fuit
1146 2788 1291 2848 dubitatio
1321 2789 1397 2869 quic

307 2888 412 2962 „multi
433 2889 618 2949 exstitissent
639 2888 787 2966 (Burgesii
808 2891 900 2950 verba
921 2896 991 2950 suat
1011 2909 1040 2966 p.
1058 2894 1130 2949 402.
1144 2889 1187 2968 n.)
1208 2892 1280 2952 boni
1301 2892 1396 2970 scrip·

308 2994 388 3050 tores
408 2994 477 3050 autc
500 2990 663 3052 Homerum
689 2997 808 3069 poetam
837 2993 948 3072 quippe
974 2992 1106 3052 numeris
1135 2993 1271 3053 omnibus
1299 3015 1395 3073 paene

309 3092 504 3153 absolutum“.
547 3094 654 3174 Itaque
676 3095 812 3174 quamvis
834 3097 870 3154 ad
892 3113 954 3154 rem
976 3094 1105 3154 mammo
1128 3114 1200 3172 prae
1221 3097 1328 3182 ueteris
1349 3099 1396 3158 iu·

310 3193 449 3271 plicatam
471 3200 501 3254 et
522 3195 665 3256 lubricam
687 3199 806 3270 adeam,
829 3198 900 3276 quia
919 3197 951 3256 in
972 3217 1008 3257 ea
1028 3203 1075 3259 est
1095 3217 1209 3258 summa
1229 3199 1322 3261 totius
1343 3219 1395 3260 ex-

310 3295 505 3373 placationis,
527 3299 669 3359 exmsmis
690 3305 792 3360 tamen
814 3299 951 3360 cancellis
971 3319 1037 3360 eam
1057 3300 1230 3362 describam.

395 3396 547 3462 Quaenam
568 3400 660 3476 igitur
682 3401 823 3462 Graeciae
847 3401 936 3480 stirps
957 3403 1056 3480 poesis
1077 3403 1269 3466 ficudameuta
1289 3404 1396 3468 iecisse

311 3500 426 3561 dicatur
448 3503 602 3578 conperire
619 3506 680 3563 non
695 3504 821 3565 multum
842 3505 941 3577 refert,
964 3507 1015 3564 sed
1036 3505 1068 3564 in
1091 3521 1156 3566 eam
1178 3525 1232 3566 nos
1249 3507 1397 3568 rationem

309 3605 450 3664 iuducere
472 3606 563 3666 satius
586 3607 658 3679 erit,
688 3606 766 3684 apud
794 3605 952 3685 pleresque
975 3605 1102 3668 Graecos
1129 3612 1233 3668 cantia
1256 3610 1397 3670 amantia·

312 3706 401 3766 simos
429 3708 542 3784 paritor
563 3729 581 3768 a
601 3708 706 3786 priscis
727 3709 910 3786 temporibus
937 3710 1042 3786 poesin
1069 3711 1106 3769 ad
1127 3710 1246 3789 mythos
1274 3731 1305 3770 se
1327 3731 1397 3798 con·

307 3808 452 3870 formasse
474 3815 564 3890 atque
583 3813 708 3872 heroum
729 3811 832 3870 laudea
858 3811 1045 3874 brevioribus
1066 3812 1224 3874 cantilenis
1250 3816 1282 3874 et
1304 3813 1397 3890 epicis

383 3997 427 4063 89)
445 3999 516 4048 Dixit
532 4000 562 4047 de
580 3999 626 4046 bac
643 4012 670 4046 re
681 3997 878 4048 Muelleuhcffiue
895 3998 921 4046 in
938 3999 1021 4048 libello
1039 3967 1108 4048 cuiuis
1123 3998 1209 4048 titulus
1226 4004 1278 4048 ast:
1294 4013 1338 4048 aur
1354 4014 1397 4062 gc·

311 4083 419 4131 scbicbta
436 4071 479 4132 der
496 4083 634 4143 Nibeluuga
651 4088 702 4142 not,
720 4097 743 4142 p.
759 4085 798 4131 18,

379 4169 424 4228 40)
441 4185 467 4216 v.
486 4168 590 4229 Sangab.
608 4167 666 4216 diss.
684 4168 704 4215 1.
722 4182 747 4229 p.
761 4169 802 4216 91.

381 4255 426 4316 41)
443 4256 473 4304 ct.
492 4254 625 4303 Hermann.
649 4268 688 4315 op.
707 4253 750 4302 IV.
769 4267 794 4314 p.
807 4254 866 4302 ¹91.
900 4253 1007 4304 Rodium
1028 4255 1085 4306 bist.
1102 4269 1126 4316 p.
1146 4271 1168 4304 a.
1185 4256 1205 4304 L
1222 4270 1247 4318 p.
1261 4257 1320 4306 24⁶.
1338 4257 1396 4306 249.

313 4337 425 4388 lluallsr.
443 4339 499 4388 bist
516 4340 534 4387 l.
553 4337 582 4388 G.
601 4340 623 4386 1.
641 4353 664 4400 p.
678 4339 719 4388 26.
745 4339 837 4400 Bergk
854 4353 879 4401 p.
891 4341 932 4388 87.
950 4341 1009 4390 891.
1027 4343 1085 4391 406.
1102 4341 1171 4390 alios.
