3092 4996
663 463 706 528 55

145 625 223 679 entus
249 621 334 679 huno
362 639 400 678 ne
427 619 636 680 Aristsrohum
665 617 784 698 quidem
814 617 976 678 sustulisse.
1026 617 1131 678 Potest
1158 635 1229 678 sane

142 721 293 782 Aeolicum
321 742 389 782 esse
417 741 472 798 pro
499 713 626 794 ὀφείλω,
656 726 757 780 temen
783 739 856 780 sana
881 718 1024 780 Aeolismi
1053 739 1142 780 eausa
1167 739 1230 780 non

144 823 234 898 magis
255 825 345 882 adest
365 843 455 903 quum
475 824 509 882 in
530 822 704 898 vulgaribus
725 813 824 896 βόλλοο
838 816 943 882 οιέλλεο
965 826 996 880 et
1016 821 1135 896 postia
1156 841 1230 884 vous

143 917 253 998 ὀφέλλοι
276 924 400 1003 (augeo)
422 912 728 1004 (pmeens'adhibuit
742 923 892 984 Hesiodus
914 915 1031 995 ὀφέλλει
1049 941 1072 980 ε.
1092 927 1139 982 14.
1155 927 1229 982 412.

142 1019 248 1109 ὀφέλλῃ
269 1046 292 1085 ε.
311 1033 385 1088 496.
407 1019 546 1100 ὀφέλλοις
565 1046 587 1085 ε.
604 1032 652 1086 36.
675 1029 810 1104 imperet.
826 1017 966 1098 ipsiius.
983 1029 1044 1084 ule
1063 1043 1180 1102 semper
1194 1024 1229 1085 iu

140 1129 210 1200 fine,
240 1130 413 1207 Aeschylus
442 1122 596 1202 ὀφέλλεται
622 1128 702 1204 Sept.
722 1132 792 1186 193.
810 1133 887 1200 249,
920 1127 1067 1188 Pindarus
1095 1118 1228 1200 ὀφέλλειν

140 1230 233 1293 r.1v.
246 1237 322 1304 reo,
346 1230 521 1290 ussarius
540 1232 588 1302 17,
606 1231 646 1290 ιο
663 1221 868 1305 ὀφειλόμεναι,
888 1229 962 1288 auso
980 1220 1084 1302 ὅφεειε
1098 1232 1150 1300 re,
1167 1233 1226 1290 ιιο

141 1332 214 1410 quod
227 1333 316 1394 iuxta
330 1325 433 1392 οόιινσε
444 1353 498 1411 pro
513 1332 624 1396 aoristo
642 1332 812 1394 habendum
827 1336 887 1402 est;
908 1333 1032 1409 praebet
1046 1329 1137 1392 etiem
1149 1329 1227 1408 Hip·

139 1453 234 1510 ponar
255 1435 385 1512 voeem),
408 1453 498 1513 quem
513 1435 608 1511 ipsam
624 1433 776 1494 Aeolismo
791 1433 923 1494 tribuere
938 1433 1034 1512 possis
1056 1433 1106 1508 (ot
1124 1431 1227 1509 infre).

140 1535 192 1594 seu
214 1528 333 1609 ὀφέλλοι
354 1538 481 1596 fortasse
503 1536 656 1616 antiquior
677 1541 709 1595 et
726 1536 829 1595 Ionios
849 1537 945 1595 forma
966 1540 1031 1595 eret
1051 1553 1106 1611 pro
1123 1554 1227 1597 reeen-

139 1638 210 1696 tiors
232 1632 357 1711 ὀφείλω.
400 1643 501 1716 Atque
529 1658 596 1697 oum
621 1639 696 1698 hsee
721 1639 788 1715 ipsa
808 1639 886 1715 apud
909 1638 1072 1700 Homerum
1098 1658 1136 1702 ex
1157 1636 1226 1696 Ari-

140 1741 245 1800 starchi
277 1741 453 1800 reoensions
484 1745 531 1800 ter
561 1741 729 1818 reperiatur
756 1740 789 1800 in
820 1741 923 1800 eodem
952 1739 1099 1802 semine:
1131 1742 1227 1817 χρεῖος

139 1831 256 1912 ὀφείλετ’
277 1845 320 1902 Λ.
341 1849 401 1902 686
415 1869 459 1896 =
475 1848 546 1905 698.
568 1845 665 1920 χρεῖος
682 1833 803 1916 ὀφειλον
820 1843 860 1900 A.
877 1847 954 1913 688,
975 1846 1057 1919 puto,
1080 1841 1226 1904 servande

140 1947 180 2002 est
199 1945 380 2021 praesertim
402 1965 469 2004 oum
491 1945 700 2008 Lachmannus
729 1946 806 2006 hano
828 1949 942 2022 purtem
962 1942 1226 2020 inurpoueoribus

139 2063 197 2103 esse
217 2047 412 2108 tribuendam
433 2046 507 2106 soite
528 2047 723 2125 perspexerit,
747 2047 799 2125 qui
820 2045 960 2106 feuillirns
980 2044 1130 2108 iuniorem
1153 2063 1223 2108 suus

139 2149 239 2208 aetatis
260 2151 391 2210 formam
411 2149 603 2227 inopinantes
626 2154 730 2210 eontra
750 2149 942 2228 antiquorum
962 2151 1118 2223 posterum
1138 2165 1224 2208 usum

137 2253 273 2322 poteraut
294 2253 463 2314 admovere.
509 2253 608 2317 Quare
630 2250 718 2311 valde
739 2250 861 2336 ambigo
878 2269 951 2310 num
971 2253 1052 2310 reete
1067 2249 1224 2308 Buttman-

138 2369 189 2410 nus
206 2352 238 2411 in
258 2373 384 2427 gramm.
398 2356 441 2414 II.
463 2375 493 2430 p.
511 2359 582 2414 261.
605 2348 707 2430 not.*)
730 2352 773 2411 sie
789 2350 1044 2429 pronuntiaverit:
1065 2350 1141 2432 ‘dass
1159 2350 1222 2412 dies

138 2450 264 2514 Verbum
279 2457 332 2516 bei
348 2457 463 2516 Homer
477 2457 547 2516 bald
561 2448 682 2530 ὀφείλω,
705 2455 775 2514 bald
791 2445 906 2528 ὀφέλλοι
926 2452 1120 2528 gesehrieben
1137 2452 1222 2526 wind,

138 2552 174 2614 ist
185 2557 463 2619 natirlioherweise
481 2558 530 2617 ein
546 2559 623 2618 alter
637 2550 1002 2630 Ueberlieferungsiehler’
1025 2559 1115 2635 etque
1133 2555 1224 2616 etim

140 2652 170 2712 iu
188 2657 236 2718 his
258 2659 358 2721 tribus
379 2660 453 2720 loeis
476 2651 590 2733 ὀφέλλοι
613 2659 799 2720 scribendum
820 2656 1024 2737 proposuerit,
1046 2657 1125 2737 quod
1142 2675 1223 2720 nune

138 2761 245 2836 recepit
255 2763 409 2824 Bekkerus
422 2762 456 2824 in
471 2762 565 2822 altere
580 2762 709 2822 editione
724 2766 814 2841 atque
829 2759 901 2824 olim
911 2759 1031 2824 Curtius
1045 2760 1082 2821 de
1096 2765 1221 2836 tempor.

140 2864 166 2918 a
184 2864 261 2924 nod.
284 2885 314 2941 p
334 2869 373 2924 92
396 2866 523 2942 prebere
544 2864 659 2934 munit,
680 2863 737 2924 etsi
753 2883 765 2924 ι
786 2868 855 2941 post
869 2863 886 2920 λ
899 2862 1030 2941 positum
1045 2862 1222 2939 epenthesis

139 2979 251 3036 pessum
273 2985 340 3026 esse
361 2966 394 3024 in
416 2967 473 3026 heo
494 2985 568 3027 vooe
588 2966 653 3044 ipss
676 2965 766 3044 (sient
787 2964 895 3026 Ohrist.
918 2983 948 3040 p.
966 2964 1017 3041 51)
1040 2963 1221 3037 crediderat3

139 3062 239 3126 fuisset
261 3067 377 3128 soilioet
398 3068 529 3142 genuina
550 3068 753 3146 diphthongus
775 3087 829 3145 per
850 3066 901 3124 ΕΙ
920 3065 1083 3128 οοείλιοοόιι

217 3170 308 3232 Certe
327 3169 422 3244 igitur
443 3170 580 3246 exempla
601 3173 672 3228 sunt
692 3171 767 3230 heeo

215 3272 240 3330 I.
274 3273 481 3350 progressivae
503 3272 745 3334 adsimilationis:

218 3373 321 3450 Optat.
337 3392 399 3434 eor.
418 3375 471 3454 qui
488 3389 507 3433 σ
528 3393 688 3438 consonam
705 3373 858 3454 propriam
872 3371 987 3446 habuit
1008 3371 1118 3447 legitur
1132 3365 1220 3446 ὀφέλ-

137 3467 205 3532 λειεν
222 3469 318 3536 πόνον
339 3469 432 3536 uiris
453 3477 493 3536 Π.
511 3481 570 3538 661
590 3482 620 3537 et
639 3468 786 3550 ὀφέλλειεν
808 3465 902 3534 πόνον
924 3465 1016 3549 ὀμμιν
1036 3470 1067 3549 ti.
1085 3479 1145 3536 334
1168 3491 1218 3534 ex-

138 3574 234 3636 tremis
255 3579 290 3640 in
310 3580 447 3640 versibus
468 3600 524 3658 pro
542 3580 671 3654 genuino
694 3572 845 3652 ὀφέλσειιν
866 3576 915 3638 vel
929 3575 1046 3652 vulgari
1064 3568 1216 3650 ὀφείλοιεν,

139 3677 210 3750 quod
238 3679 318 3740 vidit
338 3681 537 3742 Buttmannns
565 3681 598 3742 in
620 3702 663 3756 gr.
687 3681 738 3742 Gr.
755 3681 797 3740 H.
819 3700 848 3757 p.
865 3683 926 3740 262
955 3677 1092 3755 opinatus
1119 3678 1218 3738 hooa

141 3775 293 3855 rhapsodis
312 3783 456 3844 evitatum
478 3801 542 3844 esse
564 3784 635 3864 quis
656 3785 692 3844 ds
714 3776 825 3856 ὄφελλον
845 3780 992 3859 potuisset
1013 3778 1149 3853 copam
1172 3778 1217 3838 di·

142 3883 213 3940 sorte
236 3889 336 3948 autem
353 3884 520 3948 Lobeekius
544 3887 582 3948 ad
599 3887 619 3946 1.
639 3890 670 3946 et
685 3885 813 3948 Absens.
837 3883 870 3945 iu
892 3901 1012 3956 graium¹
1037 3877 1063 3958 S.
1077 3885 1126 3940 62·
1143 3901 1173 3940 n·
1188 3885 1216 3948 l.

138 3997 164 4052 p.
180 3982 217 4042 79
231 3986 415 4048 Αοολίεοοοοο
428 3991 624 4062 agnoverunt
654 4042 656 4050 ,
668 3987 726 4050 Sed
740 3986 849 4048 mirum
871 3983 1009 4063 estquod
1028 3983 1118 4052 eiiam
1139 3982 1215 4054 ²15⁸ss

138 4079 243 4148 formae
265 4089 408 4154 eiusmodi
430 4090 582 4169 adparent.
625 4091 690 4150 Iem
706 4089 825 4150 Onrtius
843 4085 876 4146 in
889 4084 989 4152 Iahnii
1010 4103 1079 4148 aun.
1097 4084 1157 4146 vol.
1173 4084 1212 4156 67

139 4179 290 4269 (1852).p.
308 4197 344 4252 16
369 4185 528 4267 έξόφελλεν
551 4196 632 4250 o.18
654 4210 709 4268 pro
727 4191 836 4256 eoristo
856 4187 1069 4264 interpretatus
1087 4189 1147 4246 huo
1167 4207 1215 4248 re·

140 4284 215 4364 iulit3
242 4299 331 4374 atque
355 4295 388 4354 Β.
406 4301 467 4356 420
490 4286 586 4358 πόνον
607 4283 637 4352 ‹i’
664 4285 803 4354 ὀλλοιοιον
824 4282 1051 4366 ὀφελλινροιλο
1072 4289 1214 4355 aoristum
