3092 4996
694 467 735 531 41

174 627 211 685 de
233 628 315 686 verb.
337 647 367 705 p.
384 631 445 684 234
464 643 509 704 sq.
527 623 618 701 311);
640 626 773 699 praestat
793 621 887 696 igitur
901 621 1101 696 grammaticis
1115 621 1258 682 diffidere.

172 730 286 788 Eodem
308 728 388 789 cadit
408 726 611 788 nominativus
632 723 759 784 ficticius
785 715 818 783 τὸ
847 713 936 790 ὅσσος
964 742 980 780 e
1004 740 1061 802 qno
1083 723 1259 784 Homericus

172 831 269 890 dualis
296 822 338 890 aa*
367 822 436 890 ὄσσε
464 828 656 888 derivabatur
686 827 742 886 etsi
769 826 803 885 in
826 825 950 885 Aeolide
980 823 1076 883 dualis
1101 844 1162 883 non
1184 829 1261 885 erat:

172 925 333 1008 βαρύνεται
353 923 390 992 οὗ
405 923 501 1008 μόνον
515 923 624 989 καθότι
638 920 783 988 Αἰολικὸν
797 926 882 986 δοκεῖ
895 917 981 1000 εἰναι,
1003 947 1031 988 v.
1047 925 1211 986 Herodian.
1230 947 1261 986 π.

171 1038 244 1093 καθ.
260 1054 319 1112 πρ.
336 1035 362 1096 Ι.
384 1055 413 1112 p.
430 1038 501 1106 208,
518 1038 569 1092 20.
591 1031 632 1110 (v.
649 1030 674 1110 ἓ.
693 1035 741 1090 12.
757 1029 799 1106 4).

258 1136 319 1194 ΠΙ.
353 1135 374 1206 ζ.

263 1235 294 1312 1)
315 1237 435 1314 Duplex
449 1251 468 1296 σ
481 1238 518 1295 ab
532 1235 729 1295 Aeolensibns
751 1239 782 1294 et
803 1233 1006 1295 aTarentinis
1026 1233 1060 1293 in
1080 1233 1096 1305 ζ
1115 1238 1262 1294 mutatum

174 1358 240 1398 esse
256 1337 441 1413 grammatici
463 1338 533 1398 satis
547 1337 689 1416 perplexe
705 1336 868 1406 clamitant,
891 1357 907 1396 e
924 1355 1052 1416 quoram
1065 1336 1182 1396 ratione
1197 1336 1262 1395 Ho-

174 1440 318 1499 mericum
340 1442 462 1501 verbum
482 1439 550 1512 νλζω
572 1439 766 1500 Terentinam
788 1445 834 1499 est
855 1459 910 1516 pro
925 1437 1048 1500 Aeolioo
1069 1437 1160 1498 νίσσοο
1182 1438 1262 1518 quod

174 1561 229 1618 pro
251 1542 331 1617 vulg.
360 1540 452 1601 νίπτω
479 1561 543 1602 esse
564 1542 726 1604 voluerunt
752 1541 938 1621 (saepissime
967 1541 1080 1602 scilicet
1106 1540 1145 1600 ad
1171 1558 1262 1598 unam

173 1663 278 1704 vocem
292 1643 505 1722 expediendam
526 1643 657 1722 plurium
679 1644 873 1704 dialectorum
887 1645 1084 1722 proprietates
1101 1643 1262 1703 admoven-

172 1746 244 1822 tur),
261 1746 297 1805 ef.
307 1748 354 1806 Et.
368 1748 409 1806 M.
422 1751 493 1820 605,
509 1751 560 1806 24.
582 1748 692 1810 Ahr.1.
707 1768 735 1825 p.
749 1752 798 1806 46.
815 1748 983 1824 11.p.101;
1006 1746 1058 1806 sed
1068 1745 1259 1805 Herodianus

173 1847 287 1906 cautius
303 1848 364 1922 egit
379 1849 457 1927 quod
473 1849 581 1908 sensit:
603 1841 637 1907 τὸ
660 1843 692 1907 δέ
708 1847 774 1920 νίζα
790 1841 848 1907 οὐκ
866 1843 978 1927 ἐγένετο
995 1843 1027 1907 έκ
1044 1847 1099 1905 τοῦ
1113 1844 1261 1906 Αἰολικοῦ

172 1925 279 2021 licea,
308 1970 337 2010 v.
356 1949 389 2008 in
408 1954 467 2009 An.
485 1951 541 2010 Ox.
559 1952 585 2010 Ι.
607 1955 679 2024 291,
695 1956 835 2009 24επ.
853 1955 928 2010 παθ.
949 1952 991 2010 ΙΙ.
1012 1972 1041 2028 p.
1057 1951 1128 2009 377.
1174 1947 1262 2012 Quod

172 2051 349 2110 autemillis
364 2052 497 2110 additum
512 2057 572 2112 est:
594 2044 738 2112 οὐδέποτε
759 2045 816 2130 peip
838 2044 875 2110 τιί
892 2045 959 2130 παρ’
985 2043 1088 2120 αὐτοῖς
1103 2047 1182 2131 (Αἰ.)
1204 2042 1260 2109 δύο

171 2167 208 2210 σσ
228 2147 388 2228 τρέπουσιν
409 2150 451 2222 εἰς
472 2155 495 2225 ζ,
517 2157 599 2214 recte
613 2155 756 2213 Lentulus
778 2155 811 2213 in
827 2158 888 2213 not.
912 2154 1078 2230 suspicatus
1093 2173 1157 2212 esse
1177 2153 1260 2214 vide·

172 2261 235 2327 tur,
256 2253 522 2332 Epimerismorum
542 2256 812 2316 consarcinatorem
832 2256 864 2314 id
886 2257 922 2315 de
945 2274 997 2314 suo
1020 2255 1171 2328 adiecisse,
1193 2273 1260 2314 cum

171 2356 247 2416 alias
267 2357 457 2440 Herodianus
485 2358 549 2435 ipse
578 2358 641 2418 eius
669 2357 845 2418 adfectionis
872 2356 1009 2435 exempla
1036 2377 1076 2416 ex
1097 2357 1201 2416 Alcaei
1231 2347 1279 2417 et=

172 2459 311 2536 Sapphus
341 2478 429 2519 carm.
452 2459 656 2537 subpeditaret
681 2480 711 2520 π.
734 2451 838 2536 μονήρ.
861 2454 980 2532 λέξεως,
1007 2465 1057 2519 23.
1077 2460 1119 2518 Π.
1142 2481 1170 2537 p.
1188 2463 1260 2531 929,

173 2560 216 2639 (π.
234 2565 306 2620 καθ.
324 2582 375 2639 πρ.
392 2562 416 2621 I.
439 2582 468 2639 p.
484 2567 555 2634 442,
575 2567 622 2636 18,
645 2583 673 2640 p.
692 2568 763 2636 535,
782 2569 815 2635 93
838 2582 870 2620 π.
888 2557 1034 2639 διχρόνων
1049 2567 1120 2634 292,
1146 2564 1194 2634 17,
1217 2562 1259 2621 ΙΙ.

172 2685 203 2741 p.
222 2669 270 2737 14,
292 2669 325 2735 5;
352 2683 383 2721 π.
403 2667 479 2722 ποθ.
502 2664 545 2723 II.
566 2685 595 2742 p.
614 2666 703 2744 378):
733 2661 857 2738 έπταζον
880 2664 929 2743 (A.
948 2665 985 2724 ir.
1005 2665 1059 2742 27)
1087 2659 1121 2723 ἐκ
1148 2658 1180 2722 δέ
1207 2664 1261 2722 τοῦ

173 2767 278 2824 κοινοῦ
292 2751 331 2841 ἦν
345 2767 399 2824 τοῦ
413 2761 570 2842 ἔπτησσον·
591 2757 626 2825 cd
642 2758 763 2826 (1έαῦτὸ
779 2763 829 2826 1πί
845 2767 900 2827 τοῦ
914 2758 1030 2838 aloitu-
1052 2757 1262 2837 έπιπλοίζοντες

174 2867 216 2942 (S.
230 2869 267 2928 fr.
287 2869 339 2947 18)
360 2858 425 2926 α’ντλ
446 2870 501 2927 τοῦ
523 2863 759 2946 ἐπιπλήσσοντος,
782 2870 834 2930 ubi
850 2870 1005 2944 elongem
1020 2888 1093 2941 esse,
1115 2888 1176 2927 non
1196 2887 1260 2927 cor·

172 2974 290 3047 raptum
305 2969 468 3032 adnotavit.
512 2972 679 3032 Ahrensius
693 2971 814 3053 quidem
830 2973 856 3032 Ι.
873 2992 902 3049 p.
919 2978 969 3045 46,
988 2975 1027 3030 85
1042 2971 1181 3031 Aeolicus
1199 2972 1260 3033 for·

173 3093 237 3132 mas
258 3073 395 3148 agnovit,
423 3072 480 3132 etsi
509 3075 641 3134 etitulis
665 3075 721 3135 lux
748 3094 810 3135 non
831 3076 1013 3153 adportatur.
1057 3075 1147 3134 Hunc
1167 3074 1261 3150 igitur

173 3174 357 3234 Aeolismam
380 3175 556 3253 quibusdam
570 3178 739 3237 Homericis
760 3177 834 3238 locis
848 3177 1056 3238 Aristarchum
1075 3176 1260 3238 intellexisse

174 3276 313 3336 discimus
334 3278 372 3336 ab
386 3278 517 3354 Epimer.
540 3285 660 3340 auctore
681 3280 714 3339 in
731 3284 789 3340 An.
806 3281 862 3340 Ox.
879 3281 903 3339 I.
925 3284 994 3352 149,
1017 3300 1040 3338 s.
1055 3300 1084 3340 v.
1106 3275 1185 3338 έστιν
1207 3279 1259 3361 qui

172 3377 388 3438 admirabiliter
405 3380 551 3440 vocabula
568 3382 716 3442 confudit:
741 3379 774 3441 έκ
795 3384 851 3441 τοῦ
871 3383 935 3440 πλοῖ
957 3377 1009 3439 καλ
1031 3375 1064 3440 τὸ
1086 3374 1194 3453 πλάζοο,
1218 3371 1260 3450 οἷς

171 3472 205 3539 vd
228 3472 341 3558 κράζω·
363 3473 397 3538 τό
419 3476 518 3554 πλᾶζω
537 3479 569 3542 ἐκ
591 3486 644 3543 τοῦ
666 3476 788 3561 πλήσσω
803 3482 948 3543 Αἰολικοῦ
967 3483 991 3561 (ἰ
1007 3485 1066 3558 leg.
1084 3480 1259 3562 Αἰολικοῑς)·

172 3575 250 3642 οὕτω
273 3573 330 3661 γοίρ
351 3577 403 3640 καὶ
420 3577 610 3663 Ἀρίσταρχος
631 3578 664 3645 τί
684 3578 820 3664 Ὁμήρου
841 3581 955 3666 ἀνέγνω
978 3581 1175 3662 ἐκτεταμένως
1196 3577 1258 3667 ,κύ-

172 3705 243 3760 ματι
262 3683 350 3766 πηγῷ
366 3677 497 3756 πλάζετο’
520 3705 541 3746 ε.
560 3693 621 3747 389
645 3678 710 3748 rival
733 3691 789 3748 τοῦ
810 3681 983 3766 έπλήσσετο·
1012 3683 1063 3746 cet
1086 3680 1142 3765 γᾴρ
1165 3702 1258 3762 φησιν

172 3783 325 3864 ἐπιφέρων
345 3779 483 3864 ’Όμηρος
510 3783 666 3868 ἐξηγεῖται·
695 3785 904 3875 ιπαλιρρόθιον
931 3790 1007 3870 (scil.
1026 3789 1118 3866 κῦμα)
1148 3783 1181 3848 δέ
1207 3807 1258 3864 μιν

173 3875 259 3959 αὖτις
279 3883 394 3965 alviges?
418 3907 439 3947 ε.
458 3894 530 3948 430.
560 3884 581 3966 ἡ
602 3889 702 3967 μέντοι
720 3888 808 3968 κοινὴ
831 3885 997 3973 ἀνάγνωσις
1013 3887 1156 3951 συστέλλει
1176 3882 1209 3950 sd
1226 3886 1256 3962 ἅ,

173 3988 348 4069 ἐκδεχομένη
362 3983 396 4050 τιν’
413 3987 557 4052 ἐπλανᾶτο
573 3995 621 4073 (cf.
638 3997 730 4057 schol.
742 3999 776 4057 P.
790 3997 825 4061 Q.
842 3996 887 4056 ad.
904 4014 925 4054 ε.
939 3996 1029 4074 389)·
1051 3989 1185 4073 ἐπιφέρει
1199 3987 1256 4073 γὰρ

173 4087 251 4154 οὕτω
274 4086 361 4176 ,κακοὶ
375 4085 468 4152 πολλοὶ
483 4089 594 4155 παθοίν
617 4090 696 4158 sitia
718 4091 794 4157 κοντοὶ
808 4092 927 4157 πόντον’
950 4116 971 4156 ε.
990 4098 1060 4157 377.
1093 4093 1141 4156 lat
1158 4091 1257 4171 μέντοι
1365 4099 1368 4111 “

174 4198 230 4256 τοῦ
254 4189 421 4274 Ἀχιλλέως·
453 4189 543 4282 ,πλάζ’
564 4190 664 4277 ν’έμους
684 4194 888 4278 καθύπερθεν’
914 4200 952 4260 Φ.
970 4205 1031 4260 269
1061 4191 1093 4259 τί
1121 4196 1256 4277 έπλησσι,

173 4297 263 4377 δῆλον
279 4297 422 4379 Αἰολικῆς
444 4302 586 4382 (λαιός).
619 4305 656 4363 cf.
672 4303 776 4364 Lehrs.
796 4304 863 4364 adn.
887 4304 923 4364 ad
941 4305 1052 4365 Herod.
1072 4303 1131 4364 tria
1146 4302 1256 4380 scripta
