3114 4994
696 471 756 536 157

183 625 392 704 grammaticus
412 625 463 684 ille
485 625 644 686 historiens
661 644 759 705 neque
775 623 948 686 Heraclides
962 623 1106 686 Ponticus
1120 627 1270 690 Eustathii

182 732 285 790 auctor
305 727 440 803 intellegi
462 727 579 800 debent,
602 726 731 804 speciem
751 726 876 786 retionis
898 727 1155 788 etauctoritatem
1177 749 1270 808 quau·

182 831 250 890 dam
268 829 355 903 trahi,
378 834 412 888 ut
427 829 697 888 Alexandrinorum
716 829 832 887 demum
855 829 1039 904 temporibus
1059 849 1111 890 eos
1131 816 1184 889 vel.
1202 851 1270 892 eum

182 933 234 1011 qui
249 932 430 1008 postulatum
450 931 525 990 illud
546 930 630 990 ouius
650 929 843 1007 „principalis
863 929 963 990 visin
979 929 1097 992 dialecti
1119 934 1270 992 mentione

183 1037 317 1094 constat“
339 1033 461 1109 (Osann.
480 1051 509 1108 p.
526 1031 600 1108 283)
622 1032 716 1092 edidit
735 1031 928 1091 vindicemus.
971 1035 1072 1112 Atque
1095 1035 1131 1092 de
1150 1034 1268 1113 Zopyro

183 1136 342 1216 quominus
365 1126 537 1211 ὁμωνυμίαν
559 1140 722 1195 statuemus
742 1133 897 1208 vulgatum
918 1133 997 1193 inter
1012 1133 1139 1194 Graecos
1160 1155 1269 1196 nomen

183 1257 217 1298 ac
242 1237 306 1296 fere
328 1255 483 1296 commune
509 1237 621 1294 nullam
643 1235 848 1294 difficultatem
878 1235 1021 1305 obstruit;
1049 1235 1120 1297 licet
1143 1237 1269 1298 fortasse

183 1339 405 1416 grammaticum
426 1338 574 1416 quendam
595 1337 708 1412 fingere
730 1335 879 1396 Hellanioi
904 1337 1057 1414 aequalem
1088 1339 1140 1416 qui
1168 1341 1269 1399 nescio

183 1461 221 1500 en
243 1440 308 1500 eius
329 1441 366 1499 de
383 1439 487 1498 Iliadis
508 1439 633 1499 dialecto
654 1439 764 1498 iudicio
787 1437 995 1513 subscripserit
1014 1439 1065 1499 vel
1085 1439 1116 1498 id
1137 1443 1270 1502 severius

183 1541 366 1604 contraxerit
373 1563 381 1613 ;
411 1547 511 1602 temen
540 1541 576 1599 de
605 1559 639 1600 re
668 1559 744 1619 quae
773 1541 809 1598 ad
838 1540 985 1619 liquidum
1013 1542 1119 1620 nequit
1147 1544 1269 1618 perduci

183 1644 253 1706 nolo
274 1643 402 1703 ariolari.
437 1703 442 1713 ,
875 1711 881 1722 Ι

205 1775 209 1784 ·
268 1746 326 1805 Sed
347 1744 545 1822 posteriorum
559 1744 817 1819 grammaticorum
837 1744 994 1821 opiniones
1015 1762 1188 1822 percurrere
1208 1767 1271 1808 non

185 1847 369 1920 conceditur,
390 1852 489 1907 tamen
512 1847 591 1906 hand
615 1865 725 1906 evero
747 1846 845 1906 aliena
866 1848 1036 1906 coniectura
1057 1866 1121 1907 esse
1142 1850 1269 1924 videtur,

184 1969 244 2030 qua
263 1955 298 2010 ut
319 1947 453 2024 singulos
474 1949 551 2010 sicut
571 1949 749 2026 Dionysium
770 1947 912 2006 Thracem
933 1948 1098 2007 Aristarchi
1121 1951 1156 2009 de
1172 1951 1272 2011 Attica

183 2051 309 2112 Homeri
330 2050 445 2126 origine
466 2051 632 2110 sententies
653 2049 848 2125 adstipulatus
870 2048 1011 2126 essem),
1042 2050 1115 2109 alios
1142 2050 1175 2110 in
1196 2051 1270 2112 alias

183 2154 349 2214 insidentes
369 2153 424 2212 hes
445 2152 494 2211 vel
514 2152 582 2211 illes
601 2152 712 2210 formes
733 2150 918 2227 praetulisse,
941 2151 985 2209 its
1006 2152 1115 2211 multos
1137 2154 1271 2214 doctrina

185 2258 221 2315 ds
241 2255 375 2315 dialectis
397 2259 547 2316 crescente
569 2273 658 2334 quam
679 2253 822 2329 plurimes
843 2253 892 2312 rel
914 2270 1015 2311 omnes
1031 2253 1171 2314 dialectos
1192 2258 1272 2333 apud

185 2359 350 2418 Homerum
382 2356 539 2432 agnovisse
570 2355 761 2432 suspicemur.
813 2354 862 2414 Sic
891 2353 1052 2414 Boeotiemi
1084 2355 1272 2417 Thessalismi

186 2458 336 2520 Attieiemi
357 2457 487 2518 Dorismi
509 2457 664 2516 Aetolismi
692 2454 744 2515 elii
766 2453 992 2531 soloecismi²⁹)
1014 2455 1194 2538 ubicumque
1220 2461 1272 2518 ob-

186 2562 297 2622 soletae
322 2561 373 2621 vel
399 2559 570 2636 incognitae
598 2559 711 2618 formes
733 2564 819 2617 erant
846 2576 865 2616 e
892 2557 1103 2633 grammaticis,
1133 2561 1185 2639 qui
1212 2581 1273 2620 non

186 2663 272 2724 multi
298 2663 330 2722 in
354 2664 522 2741 quaerendo
551 2662 687 2733 fuerunt,
719 2664 820 2718 utrum
841 2659 1056 2736 discrepantiae
1084 2669 1184 2722 essent
1211 2665 1273 2722 dia-

184 2767 328 2826 lectorum
349 2748 388 2824 an
409 2748 540 2823 eiusdem
562 2747 707 2822 sermonis
729 2781 788 2841 quo
810 2769 899 2838 poeta
919 2763 1059 2822 utebatur
1079 2769 1174 2823 stetur
1195 2765 1273 2824 auti-

186 2867 299 2948 qnioris
320 2865 469 2942 propriae,
499 2865 670 2941 saepissime
698 2864 898 2924 venditentur.
941 2864 1152 2946 Undecumque
1179 2865 1272 2941 igitur

184 2970 295 3029 formas
317 2971 348 3027 et
368 2985 457 3027 voces
478 2967 631 3027 etiamtum
654 2971 785 3026 servatas
808 2965 942 3025 doctrina
963 2969 1192 3040 convertebant,
1224 2968 1271 3026 in-

185 3071 283 3130 didem
304 3089 354 3130 ees
376 3089 394 3128 a
415 3072 504 3145 poeta
525 3087 657 3128 eorresas
675 3086 740 3126 esee
761 3069 939 3141 statuebant,
962 3068 1047 3147 quasi
1069 3069 1136 3128 usui
1153 3071 1271 3146 poetico

184 3173 259 3232 haee
280 3171 407 3230 mietio
435 3171 642 3230 arbitraria
661 3169 766 3230 innate
792 3175 823 3228 et
850 3169 941 3229 insita
961 3175 1040 3229 esset
1063 3190 1162 3250 neque
1185 3191 1271 3248 opor-

183 3278 262 3334 teret
282 3278 317 3333 ut
335 3273 416 3332 inter
436 3291 486 3332 ees
507 3277 611 3348 gentes
633 3291 757 3352 quarum
774 3289 924 3330 sermones
946 3271 1158 3332 adhiberentur
1178 3265 1271 3334 inter·

185 3376 303 3435 eederet
322 3373 423 3453 aliqua
443 3374 638 3434 necessitudo.
682 3374 770 3432 Hono
784 3377 882 3432 autem
903 3373 1020 3434 futilem
1037 3375 1182 3435 rationem
1202 3377 1270 3435 rhe-

183 3476 299 3536 toribus
319 3475 404 3536 valde
426 3475 572 3553 placuisse
587 3475 646 3536 rix'
661 3474 784 3534 mireris.
828 3475 866 3532 In
888 3494 955 3534 eum
970 3475 1088 3534 modum
1104 3477 1162 3534 Dio
1177 3477 1270 3555 Chry-

184 3583 331 3638 sostomus
350 3579 443 3637 verba
463 3577 536 3638 fecit
555 3577 588 3636 in
612 3595 653 3635 or.
673 3575 730 3636 XI.
753 3569 826 3654 (lo'y.
850 3576 971 3653 Τρωϊι.)
995 3574 1021 3652 5.
1039 3581 1078 3634 23
1102 3578 1146 3636 ed.
1162 3578 1270 3654 Empe-

182 3680 261 3740 rius:
284 3669 325 3747 cic
347 3671 384 3736 οὗ
407 3672 501 3754 μόνον
523 3672 589 3749 ίξίν
611 3672 692 3758 αὐτῷ
715 3667 861 3756 (Ὁμήρῳ)
883 3671 935 3746 τίς
951 3670 1037 3746 ἄλλας
1056 3670 1183 3755 γλώττας
1205 3699 1270 3758 μιμ.

183 3773 273 3840 νίειν
287 3771 340 3848 τίς
361 3781 421 3838 τῶν
440 3771 586 3855 Ἑλλήνων
601 3777 651 3838 καί
666 3798 737 3838 ποτε
756 3773 809 3853 μὲν
826 3776 971 3850 αἰολίζειν,
993 3772 1065 3836 ποτὲ
1080 3773 1111 3836 dl
1127 3776 1270 3857 δωρίζειν,

183 3877 254 3942 ποτὲ
277 3877 310 3940 dl
339 3875 428 3953 ίιίζειν
450 3873 521 3940 oillei
545 3878 596 3940 sel
620 3879 727 3940 Διαστί
749 3877 952 3959 διαλέγεσθαι,
982 3886 1013 3939 et
1034 3899 1074 3940 or.
1093 3881 1167 3940 XII.
1196 3874 1269 3960 (λάμ.

178 3979 373 4060 Ὀλυμιιινιι.)
396 3981 421 4061 5.
441 3989 497 4045 66:
519 3975 540 4060 ἦ
561 3977 593 4042 dl
615 3983 674 4041 τῶν
696 3984 830 4058 ποιητῶν
849 3979 934 4060 τέχνη
956 3974 1035 4058 μάλα
1058 3973 1197 4056 reddedit
1219 3980 1270 4041 soci

184 4079 379 4161 ιίνεττίίητττος
395 4077 487 4154 ἄλλως
500 4104 531 4144 τε
551 4076 699 4164 Ὀμήρου,
722 4087 777 4146 τοῦ
795 4082 932 4162 πλείστην
947 4075 1072 4164 ἄγοντος
1090 4081 1269 4163 ιινῤῥησίαν,

183 4189 388 4200 .—--—----

254 4223 297 4282 18)
314 4235 339 4268 v.
357 4221 445 4269 Philol.
463 4219 518 4268 vu.
537 4235 561 4282 p.
575 4223 632 4270 ³78.

254 4307 297 4365 19)
315 4306 344 4352 es.
363 4303 472 4354 (iterium
490 4321 515 4366 p.
530 4309 587 4355 197.
613 4305 705 4365 Bergk.
723 4319 748 4366 p.
762 4305 819 4352 450.
