3114 4994
825 481 868 546 88

300 639 506 720 συνῃρῆσθαι,
529 629 586 695 ἀλλ’
608 627 739 694 ἀπὸτοῦ
758 633 860 711 Τυάῆα
873 627 1089 708 ἀποκεκόφθαι
1103 635 1300 712 exintimevit)
1317 636 1389 712 Mn·
1408 613 1411 620 ’

300 741 386 814 κισιῆ
411 740 445 798 0.
463 745 534 798 339.
556 731 667 813 Ὀδυσῆ
684 759 708 796 ι.
731 743 797 796 136.
820 739 945 798 Doriooe
959 737 1135 799 vooontibue
1151 739 1193 814 (v.
1209 738 1300 798 eohoh
1317 739 1388 799 Bm.

299 843 337 901 e'd
357 841 392 902 0.
404 846 476 902 339.
494 842 626 903 Lobeoh.
641 841 721 916 poth
739 839 776 898 el.
792 841 825 898 ΙΙ
839 859 867 916 p.
881 845 930 900 33.
948 841 1018 900 273.
1035 839 1174 917 Spitzner
1188 839 1246 899 el.
1262 841 1389 902 Ahrene.

299 944 340 1002 11.
351 964 379 1020 p.
391 931 464 1002 237.
478 965 507 1004 n.
523 943 564 1020 7.)
581 943 670 1004 fidem
681 943 837 1016 denegare,
853 941 924 1021 quie
934 942 1023 1002 etiem
1034 943 1112 1019 apud
1122 942 1234 1002 Herod.
1245 943 1316 1002 VII.
1328 947 1389 1002 220

299 1046 333 1104 in
349 1046 461 1106 Ionioie
485 1045 667 1106 hexametris
684 1043 790 1122 βασιλῆ
812 1063 866 1120 pro
890 1040 1008 1120 βασιλέα
1032 1044 1165 1104 obcurrit
1185 1051 1275 1124 etque
1295 1043 1390 1106 Attioi

300 1149 449 1208 interdum
464 1150 542 1208 hene
557 1145 768 1208 oontreotionis
782 1146 929 1206 retionem
945 1146 1038 1208 oeeuti
1053 1151 1125 1206 eunt
1140 1146 1182 1223 (v.
1200 1143 1266 1224 λιιι)
1279 1146 1314 1206 in
1330 1146 1389 1207 div.

300 1269 347 1326 ep.
366 1251 436 1310 Eur.
452 1251 514 1310 Alo.
528 1255 578 1310 23.
593 1247 750 1327 ξυγγραφῆ
767 1246 800 1306 in
816 1254 894 1306 oent
910 1249 1061 1325 Aristoph.
1079 1249 1207 1308 hohern:
1223 1269 1252 1310 v.
1270 1248 1388 1325 1151.);

301 1352 447 1412 Pindarus
473 1371 545 1414 vero
568 1372 585 1414 e
611 1352 720 1412 Dorioo
746 1369 828 1410 moro
848 1351 974 1411 adscivit
994 1344 1126 1426 Ὀδυσσῆ
1150 1351 1189 1408 Ν.
1203 1356 1231 1422 3,
1250 1355 1300 1410 26.
1328 1342 1390 1408 Ἀλ-

302 1455 395 1530 κιισνῆ
413 1455 452 1514 Ν.
467 1460 496 1528 4,
515 1457 564 1514 27.
588 1455 614 1512 Ι.
632 1459 661 1527 6,
678 1457 728 1512 33.
751 1453 792 1530 (v.
808 1453 897 1514 Peter
914 1474 943 1530 p.
959 1453 1024 1529 39.)

387 1557 432 1616 De
448 1556 650 1618 oontreotione
667 1574 692 1614 ιε
706 1556 741 1615 in
757 1559 771 1613 ῖ
789 1574 865 1635 quoe
883 1562 915 1616 et
934 1555 1062 1614 Aeolum
1086 1559 1117 1614 et
1139 1555 1247 1614 Ionum
1270 1553 1392 1632 proprio

300 1657 360 1717 fuit
374 1677 464 1736 supro
482 1658 520 1737 (ξ.
534 1664 562 1732 2,
579 1660 612 1733 5)
633 1659 666 1718 in
687 1677 760 1718 vooe
782 1652 861 1735 ἱερός
883 1658 956 1720 eetie
977 1656 1087 1718 monui.

388 1762 435 1821 ed
454 1761 607 1822 Aeolicam
630 1761 862 1821 oontreotionem
888 1779 947 1842 que
963 1779 999 1820 οο
1018 1759 1157 1820 eoeleeoit
1181 1759 1214 1818 in
1236 1778 1260 1818 οι
1289 1758 1391 1820 neeoio

301 1881 340 1922 en
361 1861 475 1924 fuerim
499 1863 552 1942 qui
568 1863 658 1923 Hom.
680 1863 739 1933 σοῖς
756 1882 810 1939 pro
835 1855 906 1932 σόος
927 1861 1099 1934 retulerint,
1131 1862 1168 1922 ef.
1185 1861 1277 1922 eehoL
1294 1861 1330 1922 V.
1354 1863 1392 1921 ed

304 1963 343 2022 X.
359 1969 438 2026 332ι
460 1966 519 2034 σῶς
536 1983 612 2034 τινες
632 1961 666 2024 ἐκ
684 1966 737 2024 τοῦ
753 1958 840 2037 σόος,
863 1956 921 2024 ἀλλ’
937 1961 995 2024 ἔδει
1011 1964 1097 2034 σοῦς·
1117 1957 1193 2033 τινὲς
1210 1957 1242 2022 ἀλ
1257 1954 1320 2022 ἀπὸ
1335 1963 1391 2022 τοῦ

303 2059 383 2138 σάος.
423 2060 563 2138 Ἀλκαῖος
588 2061 619 2125 δὲ
642 2063 691 2126 καὶ
718 2060 774 2126 δύο
798 2085 833 2126 σο
856 2063 898 2139 εἰς
922 2087 946 2124 ω
967 2065 1144 2140 συναλείφει.
1195 2065 1254 2126 Sed
1279 2066 1340 2136 σοῖς
1358 2083 1391 2126 re
1416 2137 1420 2143 Ι

265 2243 268 2248 ,
302 2189 375 2230 vere
389 2170 491 2230 Ionioe
508 2189 524 2228 e
542 2163 613 2238 σόος
627 2171 707 2249 quod
722 2170 831 2230 usitate
849 2169 998 2252 vooelium
1014 2167 1231 2230 edeimilotione
1246 2187 1301 2246 pro
1318 2159 1392 2238 σάος

303 2277 405 2332 notum
431 2279 495 2333 erat
516 2273 679 2346 confluxit3
710 2278 840 2333 eeterum
865 2271 973 2332 heolee
997 2271 1029 2330 in
1050 2272 1107 2330 heo
1125 2291 1198 2331 voee
1222 2263 1295 2340 σάος
1321 2291 1390 2331 eon·

303 2373 479 2436 trootionem
501 2380 673 2436 ooneteiiter
694 2375 822 2435 aversati
844 2381 915 2435 eunt
936 2375 976 2451 (v.
995 2371 1020 2452 5.
1039 2378 1066 2432 3.
1084 2374 1126 2450 3).

391 2476 423 2553 3)
445 2479 492 2537 Ad
517 2473 709 2536 Aeolensium
733 2477 929 2555 correptionis
947 2476 1190 2536 consuetudinem
1215 2495 1275 2554 que
1298 2496 1391 2536 unum

305 2577 483 2654 diphthongi
499 2579 686 2652 elementum,
704 2579 817 2640 eoilioet
829 2579 955 2641 alterum
962 2577 1172 2653 exstinguitur,
1193 2596 1282 2656 quom
1290 2578 1390 2638 Amei-

305 2678 366 2738 sius
380 2698 409 2754 p.
423 2684 461 2738 26
477 2681 554 2758 apud
572 2681 736 2742 Homerum
754 2681 843 2742 latine
859 2687 961 2758 potere
973 2681 1138 2756 adgressus
1160 2683 1207 2739 eet
1225 2681 1391 2753 ostendere,

307 2780 446 2857 exemplo
468 2802 544 2862 queo
567 2783 667 2864 aliquo
684 2784 749 2843 iure
769 2785 894 2843 redeant
913 2785 1025 2843 frustm-e
1041 2782 1173 2858 dispexi3
1200 2786 1301 2842 temen
1317 2780 1392 2844 libet

305 2887 408 2942 oontre
424 2901 490 2943 eum
506 2886 651 2945 nonnulle
667 2886 834 2963 protulisse.
885 2885 1068 2946 Seholioetee
1085 2885 1164 2944 enim
1186 2903 1226 2944 ex
1242 2884 1391 2944 uben-imo

305 2984 481 3046 elooutionie
498 2987 675 3048 Homerioee
697 3007 777 3065 penu
800 3007 890 3048 onem
915 2987 1010 3046 solum
1034 2987 1160 3047 formem
1177 2986 1324 3046 eiusmodi
1339 3005 1391 3047 ex·

304 3085 501 3148 triooverunt:
522 3089 662 3151 videlieet
684 3091 722 3150 ed
740 3109 844 3151 vooem
867 3081 1069 3165 ἀλαοσκοπιὴν
1091 3107 1156 3149 eom
1177 3087 1392 3165 proprietatem

304 3188 504 3250 adhibuerunt
522 3193 560 3251 eb
575 3183 629 3267 ἀλη
646 3186 804 3271 (ἀλᾶσθαι)
819 3191 862 3252 eie
880 3192 1066 3253 derivantes:
1096 3181 1198 3259 ἀλαιὸς
1223 3186 1274 3248 καλ
1300 3181 1392 3262 ἀλαάς

305 3285 454 3361 Αἰολικῶς
476 3293 512 3352 of.
538 3294 629 3354 eohol.
659 3295 728 3353 B.L.
751 3294 788 3352 ed
810 3294 849 3352 N.
868 3299 915 3353 10.
959 3293 1018 3354 Sed
1042 3311 1140 3372 neque
1163 3283 1266 3362 ἀλοιάς
1292 3297 1392 3356 exstat

305 3391 386 3469 (nem
402 3393 434 3452 in
446 3396 553 3455 Aeeeh.
567 3396 602 3454 fr.
614 3400 675 3455 409
692 3397 830 3456 Diodorf.
848 3389 933 3465 ἀλεός
948 3394 1100 3472 oorrexit.)
1118 3401 1150 3456 et
1164 3385 1254 3464 ἀλαὸς
1268 3396 1390 3474 voigi-o
1419 3379 1424 3384 ¹

304 3501 364 3568 eet,
387 3495 471 3556 ouius
492 3499 636 3559 dei-lvetio
661 3517 722 3558 ιιοιι
744 3499 816 3559 setis
838 3499 992 3559 enuoleete
1013 3503 1067 3558 eet.

388 3600 512 3661 Praeter
527 3600 636 3661 Aeolee
651 3620 740 3678 eeepe
757 3601 849 3662 Attioi
867 3601 924 3661 heo
938 3600 1105 3660 edfeotione
1122 3599 1168 3660 uei
1188 3605 1270 3673 sunt,
1294 3602 1392 3680 quode

306 3721 336 3762 v.
355 3702 437 3762 Emt.
456 3722 485 3779 p.
499 3707 549 3776 28,
566 3707 622 3762 3οε
650 3698 786 3782 λέγουσιν
809 3704 862 3780 (eo.
878 3700 909 3762 oi
923 3698 1060 3779 ιεχυικολ)
1085 3692 1128 3771 ἀς
1151 3693 1299 3762 διάλεκισί
1315 3721 1391 3772 τινες

307 3794 511 3879 ἀποβάλλουσι
535 3795 569 3863 eti
590 3807 604 3862 ῖ
629 3805 682 3880 τῆς
704 3799 876 3884 ἀιφθόγγοο
899 3795 966 3864 οἷον
987 3796 1144 3880 Ἀθηναῖοι
1169 3798 1222 3879 μὲν
1239 3796 1273 3863 κά
1295 3803 1389 3864 κλαίει

305 3898 385 3964 κλάει
407 3900 557 3984 λέγουσιν,
590 3902 708 3975 Αἰολεῖς
725 3902 758 3966 ii
779 3900 812 3966 to*
836 3899 961 3976 ιιοιλαιάς
986 3903 1038 3966 καλ
1060 3898 1178 3982 Ἀχαιὸς
1201 3901 1253 3966 καὶ
1275 3901 1391 3985 ἑταῖρος

307 4000 420 4077 αάλαος
435 3999 604 4084 καὶ”Λχαος
618 4005 670 4068 κοιλ
684 4005 804 4088 ἕταροςς
826 4011 895 4070 eddi
913 4015 1011 4070 eutem
1026 4010 1121 4070 multe
1136 4013 1262 4086 possunt
1292 4009 1391 4072 Athon

307 4102 370 4169 κάοι
397 4101 468 4170 Noto
493 4112 532 4187 (v.
559 4112 648 4171 eohol.
668 4112 736 4171 B.L.
761 4113 798 4172 od
825 4113 864 4172 N.
881 4117 943 4172 612
970 4109 1091 4194 ἐλαΐνῳ·
1120 4102 1203 4186 tropei
1228 4103 1260 4170 oo*
1288 4107 1389 4170 ἐλαία·

303 4205 429 4281 ἀλαλινος
444 4204 501 4291 γάρ
521 4201 561 4289 ἦν
580 4209 631 4272 καλ
642 4207 785 4284 Ἀττικοῖς
801 4204 953 4298 ἀφῄρησαι
968 4205 1002 4274 τὸ
1017 4214 1060 4291 i),
1082 4205 1171 4282 ἀειάς
1186 4205 1235 4273 ἀεὶ
1255 4204 1390 4288 moneta

306 4313 347 4394 (ι.
366 4311 531 4374 Kirohhoff.
549 4335 572 4374 o.
591 4315 611 4375 i.
628 4318 691 4377 ott
708 4336 737 4380 ιι.
750 4321 821 4378 351.
844 4318 1007 4380 Hei-monh
1022 4319 1059 4378 de
1081 4318 1196 4378 ementh
1211 4327 1265 4375 rot
1284 4334 1328 4394 gr.
1340 4314 1388 4376 Gr.
