3092 4996
829 493 872 558 20

307 647 370 724 40),
392 649 480 709 nimis
495 650 572 709 desit
592 651 657 710 veri
671 652 799 727 specics;
821 651 859 710 dc
878 651 992 710 formae
1014 644 1092 729 oipdc
1112 653 1220 728 spiritu
1234 653 1313 712 infra
1326 653 1394 712 bre-

306 751 385 812 viter
404 771 562 828 exponam
594 750 621 829 5.
638 757 667 826 9,
690 758 719 812 4.

390 855 424 931 2)
446 845 587 929 Εὔιηλας
607 858 639 913 et
659 846 747 913 εὔαδε
768 874 846 935 quae
867 857 1051 932 grammatici
1071 859 1132 917 huc
1149 858 1285 916 referunt
1305 857 1392 934 (Ahr.

304 978 335 1034 p.
351 962 401 1016 21.
419 977 449 1014 n
465 957 507 1032 3),
529 956 700 1036 antiquiora
713 962 785 1016 sunt
797 977 888 1037 quam
902 963 937 1018 ut
950 977 1017 1018 cum
1031 979 1137 1036 aspero
1158 959 1326 1018 scribantur
1340 957 1393 1038 qui

306 1067 413 1137 postca
433 1060 551 1117 demum
575 1078 592 1116 e
614 1059 806 1118 delitescente
829 1060 977 1135 digammo
996 1062 1148 1134 remansit,
1175 1081 1205 1120 v.
1228 1059 1255 1139 5.
1271 1067 1300 1119 8.
1322 1061 1347 1118 Ι.
1368 1065 1394 1120 l.

307 1163 360 1222 sed
374 1161 449 1220 illud
463 1179 563 1238 neque
575 1160 731 1219 Aeolicum
745 1181 844 1241 nequo
860 1182 915 1237 pro
931 1158 1061 1237 Ὲὲιιηλας
1074 1169 1129 1236 est,
1152 1164 1189 1222 cl
1205 1161 1232 1241 5.
1247 1169 1277 1223 8.
1292 1163 1350 1220 III.
1362 1167 1392 1221 2.

392 1263 424 1339 3)
444 1261 635 1320 Herodianus
655 1263 733 1321 bene
750 1263 851 1340 lapsus
873 1271 919 1323 est
939 1284 1007 1324 cum
1032 1265 1066 1323 T.
1085 1270 1124 1322 80
1145 1258 1305 1341 ὑββάλλειν
1323 1284 1393 1340 pro·

306 1365 457 1445 posuisset
476 1382 509 1422 π.
527 1366 634 1422 mest.
660 1357 944 1443 πρ.154ὂελἸλ.
963 1387 1013 1443 πρ.
1030 1369 1072 1426 IL
1093 1387 1123 1444 p.
1142 1373 1198 1427 111
1224 1369 1392 1443 disputans:

306 1463 343 1528 τό
365 1471 384 1525 ὗ
401 1460 499 1540 πάσης
519 1462 622 1536 λέξεως
642 1458 734 1543 ὄρχον
755 1461 912 1526 δασύνεται
933 1461 1010 1544 πλὴν
1028 1471 1090 1528 τῶν
1103 1467 1262 1528 Αἶαλιιιῶν.
1284 1461 1318 1526 sd
1338 1461 1394 1543 ιἰβ-

308 1564 426 1648 ptum
440 1563 602 1642 ψιλωτὲον·
624 1565 685 1626 ἔστι
697 1563 755 1647 γαρ
769 1563 922 1628 Αἰαλιιιόν.
957 1571 1078 1631 Scilicet
1094 1591 1225 1650 apocope
1241 1571 1394 1648 praeposi-

306 1675 424 1733 tionum
450 1689 527 1750 quae
552 1671 587 1729 in
606 1671 731 1730 Aeolide
751 1672 895 1731 latissime
915 1674 1027 1748 viguit,
1056 1681 1157 1733 tamen
1184 1693 1240 1751 per
1261 1673 1393 1732 omnium

307 1775 499 1836 dialectorum
520 1775 749 1832 consuetudines
767 1775 949 1834 fundebatur
963 1777 1152 1854 maximeque
1172 1776 1270 1851 poetis
1283 1775 1394 1833 usitata

303 1878 372 1950 fuit,
393 1897 462 1935 eum
476 1876 509 1934 in
525 1877 604 1934 hanc
616 1875 815 1954 suspicionem
831 1877 971 1954 abripuit,
993 1897 1070 1957 quae
1084 1878 1152 1938 aliis
1166 1877 1257 1936 etiam
1271 1875 1392 1952 placuit,

306 1981 344 2040 cf.
361 1975 429 2057 περὶ
445 1969 549 2054 Ὀμήρ.
565 1975 640 2036 διαλ.
661 1997 691 2055 p.
706 1979 777 2051 478,
799 1979 882 2037 Eust.
904 1981 994 2052 1172,
1018 1985 1067 2039 89.
1089 1982 1126 2038 de
1143 1980 1252 2057 spiritu
1268 1977 1392 2039 voculae

305 2073 367 2141 eiad
390 2082 439 2161 (cf.
456 2081 527 2157 upa)
549 2101 578 2140 v.
597 2081 678 2140 curt
696 2099 726 2156 p.
742 2084 813 2139 272.
832 2087 904 2140 640.

391 2185 423 2261 4)
446 2182 626 2242 scholiastes
654 2185 692 2241 ad
720 2183 757 2239 Ε.
780 2187 839 2243 487
871 2184 1054 2244 Hesiodeum
1083 2183 1283 2243 accusativum
1313 2172 1391 2254 ἇψιν

305 2288 340 2365 (ε.
357 2288 432 2366 426)
454 2285 507 2364 qui
523 2285 675 2344 Aeolicam
688 2286 850 2344 flexionem
866 2287 1009 2364 sequitur,
1031 2284 1073 2361 (v.
1086 2285 1250 2344 Herodian.
1266 2303 1297 2341 π.
1315 2281 1390 2341 atto.

306 2381 427 2465 dvopdr.
444 2387 486 2445 II.
501 2407 530 2462 p.
545 2390 615 2460 760,
633 2393 747 2461 8-12,
770 2387 932 2463 Goettling.
947 2389 985 2446 ad
1000 2387 1029 2459 l,
1053 2389 1125 2446 Ahr.
1143 2389 1168 2446 I.
1181 2407 1210 2463 p.
1227 2391 1295 2459 118,
1316 2406 1345 2444 n
1361 2390 1390 2458 3,

305 2493 339 2550 in
356 2489 619 2550 commentatione:
630 2491 714 2561 ¹iiber
729 2489 777 2547 die
791 2490 950 2564 lfischung
972 2491 1025 2548 der
1039 2489 1175 2548 Dialecte
1195 2489 1227 2546 in
1245 2489 1298 2546 der
1313 2488 1391 2563 grie-

306 2591 447 2653 chischen
467 2591 562 2666 Lyrils
584 2610 661 2669 quae
682 2591 782 2649 estin
803 2591 877 2650 actis
898 2597 1063 2650 convontus
1080 2590 1300 2670 philologorum
1318 2588 1390 2647 Ger-

305 2693 422 2754 maniae
438 2692 519 2750 XIII
541 2691 700 2766 Gottingae
720 2693 815 2752 habiti
836 2711 865 2768 p.
887 2698 1022 2752 55-80.
1044 2695 1109 2752 edd.
1131 2712 1157 2753 a.
1179 2696 1268 2750 1858.
1289 2711 1318 2768 p.
1337 2692 1389 2768 78)

304 2795 468 2871 respiciens
482 2793 608 2851 formam
624 2793 814 2852 Homericam
830 2787 919 2866 ἀψῖσι
933 2793 1082 2863 Αἰολικῶς
1096 2794 1157 2852 leni
1170 2794 1311 2870 scriptam
1325 2810 1391 2852 esse

305 2896 417 2969 retulit,
439 2895 488 2953 cui
502 2895 635 2968 vulgaris
651 2895 740 2954 lectio
759 2895 869 2974 aliique
886 2899 1069 2972 grammatici
1090 2896 1215 2973 (Herod.
1235 2916 1266 2953 π.
1285 2896 1390 2953 καθαλ.

305 3020 357 3077 πρ.
373 2999 398 3056 Ι.
420 3016 449 3072 p.
467 3001 537 3069 589,
562 3001 590 3053 8.
611 3015 643 3053 π.
660 2990 785 3075 ὀρθογρ.
803 2998 846 3056 Π.
862 3002 933 3072 480,
957 3001 1019 3077 32),
1041 3017 1177 3076 asperum
1191 2998 1391 3059 vindicarunt.

306 3103 418 3161 'lamen
438 3105 472 3158 ut
492 3098 569 3156 lenis
586 3099 710 3178 reliquis
729 3100 908 3158 testimoniis
922 3102 1110 3160 confirmatus
1128 3118 1217 3178 quem
1231 3120 1312 3158 nunc
1329 3099 1391 3158 edi-

305 3208 386 3263 tores
403 3202 613 3277 probaverunt
632 3202 722 3261 etiam
735 3202 815 3278 apud
828 3201 991 3260 Homerum
1008 3223 1048 3260 ex
1062 3201 1214 3262 Aeolismo
1227 3205 1389 3278 repetatur,

304 3303 456 3364 Hesiodea
475 3303 613 3362 formatio
631 3304 744 3363 nullam
761 3324 879 3364 causam
897 3306 1044 3376 admovet,
1067 3304 1117 3362 sed
1134 3303 1206 3382 quia
1223 3304 1312 3362 radix
1333 3295 1389 3360 ἄπ-

307 3409 344 3466 ab
359 3405 447 3464 initio
468 3404 648 3480 aspiratione
668 3408 763 3468 caruit
776 3406 853 3465 nihil
867 3409 965 3466 obstat
982 3405 1141 3484 quominus
1159 3404 1313 3484 antiquam
1331 3405 1392 3483 psi-

304 3511 383 3570 losin
404 3508 484 3567 Iadis
503 3507 598 3584 ipsius
619 3509 769 3585 propriam
790 3509 882 3568 fuisse
903 3515 1075 3569 statuamus.
1107 3506 1155 3586 (cf.
1175 3507 1262 3567 Giese
1280 3529 1309 3585 p.
1327 3513 1388 3567 414

303 3609 441 3688 -416.)

392 3713 422 3792 5)
445 3713 552 3773 Nescio
571 3732 607 3771 an
630 3715 690 3774 huo
707 3715 832 3774 referam
849 3733 953 3773 vocem
971 3708 1051 3793 ἵερός
1070 3712 1153 3773 cuius
1170 3733 1307 3791 asperum
1322 3712 1389 3772 Gie-

304 3816 366 3876 sius
378 3835 407 3892 p.
420 3820 482 3874 410
498 3822 622 3892 propter
632 3817 762 3893 Hesych.
778 3815 906 3889 glossam
920 3813 1055 3892 βείρακες
1069 3812 1185 3892 ἱέρακες
1202 3816 1388 3890 sdigamma

304 3917 356 3976 alii
377 3919 538 3977 secundum
554 3917 654 3994 indog.
673 3909 914 3994 isaras--lopo'c
936 3918 1075 3977 sibilante
1091 3917 1272 3994 nansposita
1293 3917 1389 3994 expli-

304 4025 443 4093 cuerunt,
473 4020 592 4080 (turtius
614 4025 711 4078 autem
732 4019 934 4092 postgenitum
956 4019 1061 4078 habuit
1081 4018 1132 4095 (of.
1150 4009 1271 4096 ὔμμες),
1300 4038 1387 4099 quem

303 4140 412 4201 sequor
424 4122 494 4200 quia
505 4121 628 4196 longum
642 4141 663 4189 ι,
682 4120 760 4198 quod
776 4138 864 4196 saepe
878 4123 957 4197 apud
968 4121 1132 4178 Homerum
1145 4125 1243 4180 exstat
1254 4119 1295 4196 (v.
1307 4114 1389 4198 ἱερὸν

303 4208 383 4300 ἦμαρ
405 4224 472 4296 alie,
495 4225 531 4282 cs.
550 4222 640 4281 schol.
663 4221 700 4280 ad
725 4220 858 4282 11407:
881 4215 961 4298 ἱερὸν
982 4213 1088 4298 ἱχθύν.·
1108 4217 1183 4300 λέγει
1204 4214 1334 4301 Τρύφων
1355 4217 1388 4280 ἒν

303 4327 366 4393 τοῖς
393 4322 462 4404 περὶ
492 4316 614 4404 ἀρχαίας
644 4315 839 4402 ἀναγνώσεως
867 4318 918 4383 dccl
947 4317 979 4382 td
1012 4315 1065 4382 τόν
1092 4315 1220 4402 ποιητὴν
1249 4320 1388 4383 ἐκτείνειν
