3092 4996
676 479 718 545 39

152 655 255 696 cusum
283 657 346 696 esse
369 637 589 706 addubitatum,
621 637 674 694 sed
695 640 775 694 recte
798 640 832 693 ut
853 634 973 695 videtur
998 635 1040 692 M.
1061 633 1241 693 Schmidtins

151 740 188 797 cd
210 761 238 800 v.
262 739 396 798 defendit
417 738 560 816 Cyprium
583 743 673 816 atque
698 737 736 794 od
757 737 886 796 Euklum
909 735 1146 809 chresmolcgum
1166 735 1243 794 rele-

151 841 281 916 gandum
303 861 367 900 esse
389 843 551 902 arbitratus
575 840 624 917 (cf.
642 838 758 898 Hartel.
776 861 804 917 p.
822 840 904 916 398).

235 944 293 1002 Sed
309 945 473 1004 cavendum
489 948 535 1001 est
548 963 587 1000 ne
607 941 691 1000 illam
714 956 731 998 σ
752 959 824 1000 mox
837 938 988 999 retinendi
1009 956 1081 998 mox
1096 936 1244 996 obiciendi

151 1045 365 1122 proprietatem
388 1065 464 1125 quae
480 1044 628 1103 communi
649 1042 769 1117 linguae
785 1043 915 1102 Graecae
936 1041 1002 1115 lege
1022 1041 1131 1100 nititur
1153 1039 1243 1116 (conf.

151 1147 289 1224 exempla
304 1167 380 1226 quae
396 1147 543 1222 suggessit
553 1145 719 1205 Lobeclrius
730 1144 749 1203 l.
762 1143 781 1203 l.
798 1163 827 1224 p.
844 1148 1020 1215 120-132,
1036 1144 1117 1202 curt.
1131 1161 1161 1217 p.
1172 1145 1244 1212 644,

151 1249 266 1308 Hirzel.
285 1269 313 1326 p.
328 1252 381 1328 40)
406 1253 504 1308 certae
526 1247 643 1306 dialecti
664 1247 775 1306 finibus
794 1245 1010 1315 describamus3
1032 1263 1129 1323 noque
1150 1242 1245 1317 igitur

152 1350 346 1410 dialectorum
378 1350 537 1410 discrimen
562 1349 722 1408 intercedit
750 1348 830 1407 inter
859 1349 970 1407 formas
1003 1344 1183 1404 σκίδνασθαι
1213 1348 1265 1402 ot'

152 1450 311 1511 ιιίδναοθαι
336 1454 384 1530 (cf.
403 1453 564 1512 Duentzer.
581 1451 600 1510 l.
618 1450 638 1510 l.
655 1471 685 1528 p.
702 1451 785 1527 367).

192 1536 199 1558 ’
239 1555 270 1633 2)
291 1557 339 1614 Ex
354 1555 521 1631 euphonioa
541 1554 607 1628 lege
631 1572 690 1632 qua
711 1554 894 1632 subsequens
919 1569 1050 1611 consone
1065 1549 1242 1610 anteceden-

151 1661 211 1714 tem
237 1657 283 1714 sni
310 1657 436 1716 similem
457 1656 506 1718 vel
529 1656 757 1716 convenientem
778 1654 922 1713 reddebat
943 1652 1087 1712 mollioris
1109 1670 1242 1728 pronun-

150 1757 283 1816 tiationis
299 1778 386 1818 causa
401 1765 502 1834 antep
519 1758 652 1818 dentales
666 1757 700 1816 in
713 1775 730 1814 ο
745 1759 950 1826 mutabantur3
972 1755 1127 1814 Aeolidem
1141 1758 1242 1813 tamen

149 1878 324 1918 concursum
350 1861 519 1920 litterarum
548 1857 587 1935 ὀμ
609 1879 669 1919 non
693 1866 860 1920 aversatam
890 1878 954 1917 esse
983 1857 1080 1916 elucet
1106 1876 1121 1914 e
1145 1857 1243 1915 forma

148 1954 339 2038 πνκάδμενος
360 1963 389 2022 S.
407 1965 445 2022 fr.
464 1967 502 2020 56
523 1967 554 2020 et
571 1962 831 2036 grammaticorum
848 1957 1036 2018 testimoniis.
1080 1961 1243 2017 Auctorem

149 2063 289 2123 nimirum
312 2085 344 2121 π.
366 2056 472 2139 Ὁμὴρ.
491 2062 566 2121 dccl.
583 2085 612 2141 p.
628 2066 690 2123 478
712 2063 873 2122 Homerica
898 2060 1034 2137 exempla
1056 2056 1140 2134 ἴδμεν
1161 2049 1241 2133 (ι’ἃμι)

149 2187 226 2246 quae
247 2170 384 2244 pugnant
407 2185 474 2224 oum
495 2184 552 2222 usu
572 2165 673 2224 Attico
689 2165 813 2223 Aeolica
833 2167 991 2225 vocantem
1010 2160 1112 2232 mitto,
1136 2160 1188 2220 sed
1208 2159 1241 2218 id

148 2270 243 2329 solum
264 2273 389 2346 propter
410 2257 538 2341 ἅσμενος
559 2272 651 2340 tango
675 2267 754 2346 quod
775 2265 932 2325 Aeolicum
953 2265 1029 2340 perf.
1047 2263 1152 2340 partio.
1175 2281 1240 2320 esse

151 2372 291 2431 creditur.
336 2371 374 2428 In
396 2371 446 2428 Et
476 2373 576 2427 autem
597 2369 697 2442 Magn.
720 2390 749 2446 p.
769 2372 837 2440 155,
861 2371 900 2426 23
930 2366 973 2445 (v.
995 2367 1100 2424 Lenta.
1127 2364 1239 2424 Herod.

147 2493 179 2531 π.
199 2476 275 2530 ποθ.
295 2473 337 2531 H.
357 2470 431 2548 358)
454 2471 499 2528 sic
520 2471 664 2530 traditur:
695 2464 761 2546 iidie
783 2463 816 2528 τὸ
839 2459 1007 2546 εὐφραίνοι,
1032 2457 1050 2525 ὅ
1071 2457 1242 2541 naturantis

133 2572 365 2652 ’παρακείμενος
381 2559 483 2648 depos,
506 2563 528 2646 ἦ
545 2565 651 2648 μετοχή
667 2563 794 2649 ἡσμένος
810 2566 860 2630 καὶ
878 2563 1007 2644 ἅσμενος
1027 2568 1123 2651 τροπῇ
1145 2568 1198 2627 τοῦ
1220 2571 1241 2641 ἡ

147 2673 190 2744 εἰς
206 2679 239 2734 oi·
264 2670 341 2742 τινὲς
354 2669 386 2733 δὲ
401 2670 525 2752 λέγουσι,
549 2666 590 2749 μή
606 2665 681 2732 εἶναι
703 2667 828 2750 μετοχὴν
845 2665 890 2731 ὅτι
913 2673 1006 2730 πᾶσαι
1029 2668 1062 2730 αι’
1076 2672 1129 2728 τοῦ
1144 2690 1240 2746 παρα-

147 2775 283 2854 κειμένου
306 2773 424 2852 μεεοχαὶ
447 2769 679 2853 παροξύνονται·
709 2768 786 2854 πρὸς
814 2768 869 2844 οῧς
891 2793 1005 2850 φαμεν,
1035 2766 1080 2833 ὅτι
1102 2768 1239 2851 λέγουσιν

147 2877 179 2940 οἱ
197 2877 324 2954 τεχνικοί
352 2878 418 2955 (int.
439 2877 655 2957 Herodianum)
684 2869 809 2954 μετοχὴν
837 2867 912 2934 εἶναι
934 2870 1153 2952 παρακειμένου
1174 2866 1238 2933 ἀπὸ

146 2983 202 3041 τοῦ
224 2974 289 3055 fidoi
311 2973 439 3056 ἦσμένος
467 2971 542 3038 acroi
565 2973 712 3055 σνσοολήν
734 2972 861 3055 ἅσμενος
882 2974 932 3038 καὶ
962 2971 1024 3052 ἅμα
1051 2978 1087 3059 τῇ
1110 2977 1238 3059 συστολῇ

147 3075 305 3159 ἐνεβίβασε
326 3074 378 3140 οόν
399 3073 490 3140 τόνον
512 3077 563 3139 οιαὶ
585 3075 860 3160 προπαροξύνεται,
891 3080 930 3138 ad
954 3099 1030 3159 quae
1051 3081 1144 3141 verba
1157 3080 1236 3138 Len·

145 3186 224 3245 taius
246 3184 451 3244 Herodianum
471 3184 544 3242 item
566 3175 692 3258 dlpcvor
713 3204 751 3242 ex
773 3174 897 3258 ἡλμὲνος
918 3186 1022 3240 netum
1043 3187 1163 3258 putasse
1184 3181 1236 3240 ad·

146 3287 230 3361 didit,
254 3287 334 3367 quod
355 3286 459 3346 consti
480 3285 683 3347 videturesse
706 3284 783 3344 sicut
801 3276 939 3362 ὅρμινοςς
961 3283 1110 3342 Ameisius
1133 3288 1237 3343 contra

145 3413 174 3470 p.
191 3397 231 3448 23
255 3411 274 3446 α
294 3389 418 3462 longum
445 3407 510 3447 esse
532 3387 670 3464 opinatus
693 3392 746 3446 est.
791 3389 896 3466 Neque
922 3405 994 3446 vero
1017 3386 1176 3466 quicquam
1198 3385 1235 3443 de

147 3492 313 3573 quantitate
334 3491 406 3549 licet
427 3494 558 3549 statuere
579 3509 634 3567 pro
663 3493 743 3548 certo
766 3507 863 3567 neque
892 3489 928 3546 de
949 3488 1115 3561 Aeolismo,
1145 3507 1235 3567 quem

146 3595 269 3654 suadere
291 3595 417 3670 possunt
439 3592 583 3651 siminus
606 3596 759 3662 accentus,
783 3609 871 3669 quem
892 3592 993 3651 forsan
1016 3611 1054 3649 ex
1077 3592 1235 3650 obscurata

144 3695 297 3774 participii
318 3693 440 3753 notione
462 3693 609 3771 explices,
638 3699 739 3752 tamen
761 3693 884 3770 spiritus
910 3698 941 3752 et
960 3713 1032 3752 usus
1053 3689 1233 3751 Homericus
1300 3695 1302 3697 ’

144 3798 227 3877 (narn
255 3789 383 3872 ἅσμενος
411 3792 444 3854 ἐν
472 3791 617 3854 θανάτοιο
647 3795 792 3854 formulae
822 3797 918 3856 instar
942 3797 976 3855 T.
995 3798 1067 3854 350.
1093 3794 1127 3852 in
1150 3792 1233 3852 exitu

144 3907 235 3982 atque
250 3891 372 3976 depereo
395 3893 428 3958 ln
446 3891 595 3957 θανάτοιο
619 3918 638 3958 ι.
655 3904 705 3956 63.
723 3903 794 3957 566.
816 3917 843 3956 ιι.
863 3901 923 3956 134
945 3898 979 3957 in
992 3896 1080 3956 initio
1102 3895 1232 3974 positum

144 4010 198 4076 sst,
226 4008 345 4080 praeter
375 4003 454 4081 quod
481 4000 515 4059 in
543 4000 640 4059 medic
661 4019 752 4060 vorsu
780 3999 874 4077 partis
902 4001 1133 4058 aLaohmanno
1162 4016 1232 4056 oon-

144 4109 275 4184 temptae
288 4100 320 4170 Ξ.
334 4109 392 4163 108
407 4103 533 4178 legimns
545 4091 686 4183 ιἰσμένῳ),
702 4106 819 4162 constat
832 4101 956 4179 proptei
970 4115 989 4160 σ
1002 4100 1082 4179 quod
1092 4099 1232 4160 Aeolioae

143 4206 255 4266 rationi
283 4209 465 4282 refragatur,
498 4205 555 4264 nisi
589 4203 709 4264 credere
739 4203 834 4265 mavis
864 4194 990 4278 ἅσμενος
1019 4223 1074 4280 pro
1105 4193 1232 4278 d'dpsvor

143 4310 359 4387 rhapsodorum
381 4329 432 4368 oro
453 4309 491 4367 ad
505 4307 645 4368 usitatam
666 4305 941 4384 pronuntiationem
956 4304 1135 4383 adplicatum
1150 4320 1231 4379 eose;
