3092 4996
681 493 723 556 33

158 663 232 722 φησι
254 639 401 705 σύνθετον
422 644 469 705 δεῖ
481 649 561 704 νοεῖν
582 639 635 704 τὸν
658 641 869 724 σχηματισμόν,
892 639 963 705 dud
986 642 1061 706 nard
1084 641 1179 726 ἆττλῆν
1201 648 1247 710 ἔν-

158 769 256 821 νοιαν,
285 741 339 807 τόν
361 741 503 824 εὔτολμον
524 744 575 808 καὶ
598 742 727 826 ἰσχυρόν.
758 741 868 826 ὁμοίως
890 743 922 807 δὲ
946 745 998 807 καὶ
1017 743 1245 827 Ἀριστοφάνης.

162 843 292 928 Τρύφων
313 844 346 910 δὲ
368 842 515 909 σύνθετον
538 841 611 910 αὐτό
634 845 799 927 ἐκδέχεται,
829 844 912 928 παραὶ
935 844 968 909 td
991 842 1101 911 ταλαὸν
1122 849 1174 910 καὶ
1194 847 1248 929 τὴν

157 945 251 1026 ρινόν,
275 943 386 1027 ὅμοίως
401 954 442 1032 τῷ
457 945 629 1011 ταναόττοὸο
644 946 828 1012 ταναύποδα.
867 953 976 1014 Merito
992 958 1091 1013 eutem
1106 953 1249 1014 Lehrsius

156 1074 185 1132 p.
205 1059 275 1113 309.
298 1055 456 1115 Eustothio
476 1075 504 1131 p.
521 1059 580 1113 548
604 1055 646 1114 sio
662 1055 842 1131 exponenti:
865 1050 942 1114 rem
964 1041 1019 1114 οὖν
1040 1052 1073 1114 ἐκ
1090 1057 1145 1114 τοῦ
1167 1049 1250 1134 ρινὸς

156 1150 315 1236 ταλοὶρινος
333 1152 384 1214 καὶ
399 1157 575 1238 πλεονασμῷ
589 1153 723 1238 Αἰολικῷ
742 1157 796 1216 τοῦ
818 1178 837 1214 ο
859 1149 1036 1234 ταλαύρινος
1058 1147 1099 1227 αῖς
1121 1149 1251 1236 ἅρηκτος

159 1251 318 1336 astemoe.
341 1249 390 1317 ded
413 1253 464 1316 καὶ
485 1259 544 1316 τῶν
565 1259 698 1316 παλαιῶν
722 1253 819 1334 οἱμὲν
834 1254 960 1332 ἒψὶλουν
981 1252 1014 1316 τό
1032 1261 1050 1336 ρ
1070 1261 1126 1319 τοῦ
1142 1253 1250 1319 ταλαύ-

158 1380 256 1436 ρινος,
288 1350 329 1428 οἷς
357 1356 409 1418 καὶ
429 1351 629 1438 Ἀρίσταρχος·
662 1359 694 1419 οἱ
721 1354 754 1418 di
781 1353 928 1419 ἒδοὶσονον
954 1361 1043 1420 fidem
1072 1362 1248 1439 denegarim

157 1462 341 1522 luculentum
364 1463 565 1522 testimonium
591 1463 735 1522 hebemus
765 1482 823 1542 quo
853 1463 951 1523 elucet
979 1464 1158 1539 posteriores
1180 1466 1248 1524 Ari-

159 1563 269 1622 starchi
290 1564 454 1622 mtionibus
476 1583 563 1640 soepe
585 1585 638 1624 suo
660 1565 756 1624 Marte
779 1583 858 1624 nove
875 1569 1050 1640 argumente
1072 1567 1158 1647 quasi
1179 1569 1248 1628 suh·

158 1665 302 1724 struxisse
324 1683 340 1722 e
362 1664 503 1724 dialeotis.
534 1666 583 1743 (ef.
598 1665 664 1726 init.
681 1670 756 1742 pert.
773 1667 870 1744 alter.)
901 1667 1022 1746 Trypho
1037 1667 1130 1742 igitur
1144 1663 1248 1730 ταλαό-

157 1763 240 1840 ρινος
254 1765 345 1826 fuisse
361 1772 392 1826 et
406 1787 458 1825 suo
473 1768 538 1827 iure
553 1768 844 1844 intersepirutionem
859 1769 1056 1828 adhibendam
1075 1790 1139 1832 esse
1154 1774 1249 1832 eredi-

157 1869 241 1927 derot
255 1867 303 1944 (ef.
315 1869 398 1928 Eust
412 1873 481 1943 624,
498 1875 526 1929 9.
549 1870 715 1940 Philemon.
732 1891 762 1946 p.
781 1875 838 1928 150
856 1889 902 1946 ep.
914 1870 1101 1931 Leroohium.
1115 1892 1144 1948 p.
1157 1873 1248 1951 419);

156 1971 208 2028 sed
229 1990 290 2029 non
311 1975 393 2031 reeta
415 1975 461 2030 est
476 1971 620 2031 derivatio
636 1977 667 2032 et
688 1973 782 2046 magis
798 1991 886 2051 quem
909 1972 1056 2048 scripture
1072 1967 1250 2053 ταλαύρινος

155 2071 253 2147 placet
274 2071 426 2131 Eustethii
446 2072 537 2146 ratio,
568 2092 627 2152 que
648 2074 679 2132 id
701 2073 824 2132 minime
845 2093 899 2149 pro
923 2065 1097 2150 ταλαόρινος
1118 2077 1170 2136 sed
1192 2097 1247 2154 pro

155 2166 362 2253 ταλὰ-Ερινος
376 2174 426 2252 (ef.
442 2175 614 2247 Hoffmann,
639 2181 751 2254 quaest.
769 2176 920 2234 Homerio.
936 2176 960 2235 Ι.
984 2173 1010 2253 ξ.
1027 2179 1074 2249 84,
1092 2182 1120 2236 2.
1143 2198 1172 2255 p.
1189 2181 1245 2240 187

156 2275 266 2353 (1842)
288 2276 360 2354 „qui
376 2275 514 2354 elypeum
536 2273 702 2354 sustinet''),
725 2278 871 2352 digammo
890 2277 974 2337 voeis
995 2270 1079 2354 ρινὸς
1100 2279 1149 2339 vel
1163 2281 1247 2341 Aeol.

155 2381 257 2458 γρῖνος
273 2379 314 2455 (v.
327 2378 413 2436 Giese
424 2397 453 2452 p.
468 2377 568 2458 19112.
584 2379 703 2438 Ahrens
714 2378 754 2438 II.
768 2399 797 2455 p.
810 2383 857 2437 56.
875 2377 981 2438 christ.
997 2399 1027 2454 p.
1041 2379 1109 2438 178.
1132 2381 1248 2441 Hertel.

156 2501 185 2557 p.
203 2482 276 2559 895)
301 2479 411 2552 soluto,
444 2483 541 2538 ortum
564 2499 628 2538 esse
649 2480 802 2556 accipitur.
836 2481 884 2557 (of.
901 2477 1132 2558 ταλα-ττενθρς,
1163 2485 1248 2541 ταλα-

157 2575 241 2662 εργός
263 2579 463 2657 τολα-ττελριος
483 2573 678 2661 ταλά-φραν.)
707 2586 806 2659 Asper
820 2601 890 2659 ergo
907 2603 974 2643 oum
989 2584 1080 2658 vulgo
1095 2585 1214 2646 littores
1229 2607 1246 2666 p

157 2703 174 2743 e
197 2685 344 2760 digammo
365 2681 528 2757 inhaereat,
551 2685 600 2743 hio
622 2685 719 2744 loeum
734 2685 844 2744 hebere
862 2687 993 2747 nondum
1008 2687 1115 2766 potuit,
1137 2690 1173 2748 de
1189 2709 1249 2768 que

156 2806 189 2846 re
212 2785 328 2845 Giesius
350 2805 378 2862 p.
396 2789 465 2846 334.
486 2785 574 2864 (828)
596 2793 627 2847 et
648 2787 806 2848 Velsenius
826 2787 863 2847 fr.
880 2787 991 2866 Tryph.
1014 2810 1043 2866 p.
1060 2793 1099 2848 66
1123 2809 1246 2851 monue-

155 2893 228 2950 runt
248 2921 290 2932 --
313 2888 424 2948 Vocem
445 2907 534 2968 quum
554 2895 660 2966 quater
679 2889 805 2966 legimus
821 2891 858 2947 Ε.
872 2895 942 2950 289.
954 2893 1040 2948 =Y.
1054 2892 1103 2949 78.
1121 2891 1159 2950 X.
1174 2893 1245 2952 267.

155 3023 198 3035 -
216 2990 256 3048 H.
271 2995 340 3048 239.
370 2992 407 3049 ed
429 2991 584 3050 Aeolidem
605 2992 789 3050 referendam
812 3010 876 3050 esee
897 2991 930 3051 in
951 2993 1108 3070 propatulo
1132 2999 1190 3068 est,
1220 2995 1247 3056 si

155 3093 280 3153 Aeolios
293 3085 440 3168 αὕρηκτος
457 3085 568 3170 ου’ροὶγη
585 3094 669 3171 (Ahr.
681 3095 706 3152 Ι.
724 3094 777 3172 89)
798 3100 828 3154 et
841 3092 945 3154 Ionieu
960 3086 1108 3172 ἄρρηκτος
1124 3096 1159 3153 Β.
1173 3102 1246 3156 490.

157 3196 349 3255 ruarmo.
380 3189 480 3258 :etse
499 3200 547 3253 ee.
581 3195 614 3253 0.
631 3201 681 3253 20.
712 3197 746 3254 r.
768 3201 835 3254 150.
868 3195 904 3255 Φ.
923 3197 995 3255 447.
1022 3201 1055 3256 e.
1074 3199 1145 3258 τοο.
1173 3206 1245 3260 eo.

156 3294 261 3374 ἔρριψε
275 3297 384 3355 similia
397 3297 476 3356 inter
492 3317 524 3356 se
539 3298 739 3357 conseruntur.
772 3299 808 3356 ef.
823 3298 1001 3376 Savelsberg
1014 3320 1042 3376 p.
1062 3297 1140 3382 lost.
1156 3303 1246 3362 etiem

154 3391 333 3476 ταλάρρινος
354 3403 517 3475 exspectes.

241 3501 273 3578 2)
295 3502 344 3559 Ite
358 3519 389 3558 se
403 3501 494 3560 hebet
508 3521 569 3561 vox
583 3502 742 3580 καλαῦροψ
757 3521 845 3581 quem
860 3505 959 3563 neseio
976 3523 1034 3582 quo
1049 3505 1114 3564 iure
1127 3506 1245 3563 Ahren·

156 3603 217 3662 sius
228 3604 271 3662 H.
295 3623 323 3679 p.
337 3606 375 3660 29
392 3603 509 3661 Atticae
525 3603 651 3664 dialecto
666 3603 807 3664 tribuerit
827 3624 881 3681 pro
897 3598 1076 3682 eard-Fene
1090 3631 1134 3656 π
1146 3605 1244 3679 ,fustis

154 3705 261 3784 laqueo
284 3701 455 3764 instruetus'
482 3705 520 3762 Ψ.
538 3710 608 3764 845.
628 3712 673 3767 est
694 3707 787 3782 igitur
803 3707 979 3767 Aeolismue.
1016 3708 1052 3767 ef.
1069 3709 1243 3769 Hoffmann.

153 3806 210 3865 Ll.
231 3827 260 3882 p.
278 3811 347 3865 138.
385 3805 568 3880 Savelsherg.
595 3808 729 3868 Curtium
750 3828 779 3884 p.
798 3811 868 3868 327.
884 3813 955 3868 516.
995 3809 1102 3869 Christ.
1125 3829 1154 3884 p.
1175 3814 1241 3870 192.

155 3907 270 3967 Hurtel.
290 3929 318 3985 p.
332 3913 403 3966 395.

243 4011 274 4087 3)
296 4011 387 4070 Aliud
410 4010 613 4084 uertissimum,
636 4017 670 4071 ut
684 4013 758 4071 mihi
773 4014 892 4091 quidem
913 4013 1040 4085 videtur,
1062 4012 1151 4071 huius
1166 4016 1244 4072 Aeo·

153 4114 230 4174 iieae
243 4113 369 4173 rationis
380 4112 549 4189 exemplum
566 4131 627 4171 non
641 4132 760 4188 possum
777 4115 895 4174 silentio
911 4113 1087 4191 praeterire:
1106 4107 1244 4194 ἀπούρας

155 4206 289 4292 αἲττηύρα,
311 4235 385 4295 quus
399 4215 510 4275 formas
531 4212 643 4290 primus
657 4215 823 4276 hhreusius
842 4215 874 4275 in
889 4216 1119 4275 Zimmermenni
1133 4209 1244 4280 Dieriis

155 4317 304 4396 Antiquit.
326 4318 407 4378 Stud.
433 4322 512 4375 1886
535 4335 564 4393 p.
578 4319 635 4376 801
651 4336 693 4395 sq.
717 4317 849 4380 voeelem
871 4340 891 4377 ο
914 4339 952 4380 ex
975 4320 1120 4396 digammo
1143 4323 1242 4381 netem

1020 4429 1036 4479 3
