3092 4996
700 405 704 446 ι

703 503 739 565 11

179 657 357 717 testimoniis
373 658 429 717 sibi
450 658 522 718 satis
541 663 734 729 constantem,
758 663 788 716 et
803 657 885 716 Iadis
899 657 1061 718 Homerica
1076 664 1173 718 aetate
1190 660 1266 719 mul-

73 749 76 752 ’
179 766 243 819 tum
267 761 443 820 recentioris
469 760 512 820 sic
536 760 761 837 reciprocantur
783 765 818 818 ut
842 779 879 818 ex
904 759 942 818 iis
966 778 1100 819 normam
1124 767 1155 819 et
1182 762 1266 840 quasi

179 864 318 922 amussim
334 883 483 923 sumamus
497 867 586 942 atque
596 861 693 921 lucem
707 863 739 920 in
750 862 817 920 illas
828 863 967 921 tenebras
978 861 1098 921 refundi
1110 863 1266 938 patiamur.

180 965 267 1030 Quod
283 966 403 1045 quidem
417 963 537 1024 dialecti
550 964 678 1023 Graecae
693 985 755 1023 non
769 984 891 1042 prorsus
907 965 987 1024 inter
1002 986 1033 1025 se
1047 965 1160 1023 distarm
1171 985 1267 1044 neque

179 1068 407 1127 consuetudines
430 1067 506 1126 alius
529 1069 566 1125 ab
583 1066 642 1125 alia
659 1067 747 1144 plane
765 1066 880 1125 alienae
902 1072 986 1139 sunt,
1016 1067 1180 1127 cavendnm
1203 1088 1267 1126 esse

178 1175 316 1244 patetne
336 1169 425 1228 nimis
446 1170 577 1229 incertae
597 1174 627 1228 et
643 1168 775 1228 lubricae
799 1168 955 1244 opiniones
975 1170 1172 1228 admittantur
1190 1190 1266 1230 neve

178 1278 291 1330 temere
306 1271 428 1330 alterius
442 1271 639 1347 proprietates
654 1292 692 1330 ex
706 1270 800 1330 altera
812 1272 979 1331 trahantur.
1010 1272 1075 1337 Qua
1088 1273 1121 1330 in
1138 1293 1171 1332 re
1186 1273 1268 1333 inter

180 1392 216 1430 ea
232 1373 360 1448 vestigia
378 1393 452 1453 quae
468 1373 518 1434 vel
539 1373 703 1432 certissime
718 1373 767 1435 val
788 1391 901 1431 summa
918 1392 984 1431 cum
999 1375 1210 1450 probabilitate
1229 1375 1267 1434 ad

179 1474 342 1547 Aeolidem,
360 1475 481 1535 minime
497 1476 576 1556 quod
591 1476 774 1536 clamabatur
788 1475 1026 1554 antiquissimam
1041 1475 1199 1537 dialectum
1215 1478 1267 1537 sed

181 1577 260 1654 quod
277 1577 428 1637 Hirzeliua
450 1579 553 1638 libella
578 1580 615 1638 ad
632 1578 772 1638 Aeolicae
796 1577 915 1637 dialecti
933 1579 1081 1638 rationem
1101 1579 1266 1640 diiudican-

179 1679 246 1737 dam
272 1680 382 1756 scripto
408 1680 503 1759 (Lipe.
524 1700 549 1740 a.
573 1682 667 1760 1862)
699 1681 772 1738 scite
796 1684 826 1738 et
850 1679 1000 1740 subtiliter
1024 1682 1129 1755 evicit,
1159 1684 1266 1743 ceteris

177 1801 237 1840 non
264 1783 472 1857 vetustiorem,
502 1784 684 1862 pertinentia
708 1803 747 1842 ex
769 1783 825 1842 hac
849 1789 970 1859 recepta
993 1804 1057 1842 esee
1081 1786 1204 1859 debent,
1236 1792 1267 1845 et

176 1882 257 1942 inter
274 1885 456 1944 archaismos
480 1886 506 1944 si
524 1886 569 1944 uti
589 1886 661 1945 licet
681 1886 738 1944 hac
760 1903 833 1944 voca
858 1903 876 1942 a
895 1887 1095 1958 grammaticis
1114 1895 1265 1966 usmpata,

177 2005 265 2064 quam
280 1987 505 2046 adcuratissima
519 1988 671 2047 distinctio
686 1988 740 2046 fiat
753 2005 873 2046 necesse
888 1993 941 2059 est,
965 2007 1040 2067 quae
1056 1991 1135 2066 apud
1149 1997 1266 2050 veteres

177 2106 304 2166 quorum
325 2090 473 2148 rationem
490 2091 568 2149 bene
585 2089 702 2148 (iiesius
721 2109 750 2164 p.
770 2093 817 2146 40.
841 2089 1041 2163 adumbravit,
1071 2091 1264 2151 desideratur.

177 2189 278 2248 Verbo
303 2191 393 2249 ctiam
419 2197 511 2265 tango
536 2193 616 2271 quod
638 2190 791 2250 Dorismos
814 2191 1005 2264 Homericos,
1035 2211 1110 2271 quos
1132 2194 1165 2251 hi
1190 2193 1267 2254 falsa

179 2291 278 2368 specie
289 2297 413 2350 externa
425 2294 601 2373 plerumque
615 2291 733 2352 adducti
748 2291 922 2350 indicabant
937 2312 971 2352 aa
985 2295 1166 2354 recentiores
1180 2295 1267 2354 iuxta

177 2394 344 2454 Aeolismos
361 2414 420 2453 uno
439 2396 560 2454 nomine
579 2394 843 2472 accipiebant⁴⁸)‚
866 2415 933 2454 cnm
951 2396 1054 2454 eodem
1073 2395 1114 2474 (p.
1131 2402 1181 2456 40.
1201 2397 1264 2476 72.)

177 2495 267 2573 plane
283 2498 466 2575 respuendos
483 2517 548 2557 ease
565 2517 670 2558 censeo
696 2497 765 2576 quia
784 2515 851 2555 cum
869 2516 970 2557 earum
986 2499 1120 2558 condicio
1144 2500 1266 2558 omnino

178 2617 240 2658 non
254 2598 448 2674 intellegitur,
469 2603 534 2659 tum
550 2600 656 2659 talium
669 2601 832 2658 formarum
848 2600 968 2660 aliunde
984 2602 1142 2680 expeditur
1159 2601 1266 2661 melior

179 2701 360 2779 explanatio.

264 2806 302 2864 In
326 2804 512 2882 disponenda
535 2804 661 2864 materia
687 2825 763 2884 quae
788 2805 821 2863 in
846 2806 925 2865 hanc
949 2806 1154 2885 quaestionem
1178 2807 1264 2877 cadit,

180 2907 318 2986 equidem
333 2907 377 2966 ita
394 2907 573 2967 versandum
590 2927 655 2966 essa
677 2907 860 2977 existimavi,
882 2914 917 2966 ut
934 2908 967 2967 in
984 2910 1186 2986 prioreparte
1204 2909 1265 2966 sin-

181 3010 251 3084 gula
275 3009 402 3084 vestigia
420 3009 543 3069 Aeolica
564 3030 605 3086 ex
626 3010 805 3069 carminibus
821 3010 990 3068 Homericis
1010 3010 1204 3085 conligerem,
1234 3016 1265 3070 et

181 3111 362 3172 adfectiones
378 3113 467 3172 certis
477 3111 614 3171 terminis
627 3112 728 3191 quales
744 3112 777 3170 in
791 3117 876 3171 tanta
888 3113 1127 3172 testimoniorum
1139 3113 1266 3191 penuria

181 3220 306 3290 possunt
320 3214 399 3288 erui,
431 3214 586 3274 definirem
603 3220 633 3274 et
649 3216 760 3274 formae
780 3215 991 3288 describerem,
1022 3235 1080 3295 qua
1097 3215 1129 3274 in
1146 3236 1179 3274 re
1203 3235 1264 3274 non
1282 3205 1284 3209 ⁵

181 3335 287 3374 vereor
309 3335 348 3374 ne
371 3319 481 3376 nubem
502 3336 557 3394 pro
582 3318 697 3376 Iunone
723 3317 863 3394 amplecti
885 3317 1002 3390 videar,
1033 3317 1058 3376 si
1083 3318 1166 3376 sedes
1192 3336 1264 3396 quaa

184 3435 270 3476 voces
288 3416 321 3474 in
336 3418 471 3478 versibus
489 3419 633 3491 obtinent,
656 3420 706 3479 ubi
724 3440 740 3478 e
758 3419 936 3493 revidetur,
959 3421 1099 3479 adcurate
1116 3420 1263 3493 indicabo,

181 3519 214 3578 in
230 3518 324 3577 altera
346 3519 382 3576 de
400 3521 573 3580 condicione
589 3527 620 3580 et
641 3541 730 3581 causa
744 3542 845 3581 eorum
861 3521 1045 3582 dissererem.
1086 3522 1142 3580 Sed
1161 3523 1186 3581 si
1205 3539 1263 3600 qua

181 3642 228 3681 mc
243 3620 378 3695 fugerint
390 3621 439 3681 vel
454 3624 597 3681 nonnulla
611 3625 647 3683 de
663 3624 794 3684 utilitate
807 3626 967 3701 desperans
978 3623 1111 3683 consulto
1128 3622 1263 3693 omisero,

181 3725 281 3784 autin
298 3723 364 3782 aliis
387 3724 476 3782 rebus
492 3723 611 3798 longior
626 3727 724 3798 fuero,
746 3731 799 3784 aut
819 3703 851 3785 ii
868 3727 935 3784 aliia
952 3725 985 3783 in
1002 3743 1133 3784 errorem
1150 3723 1263 3784 invitas

117 3811 120 3816 ¹
180 3827 329 3900 incidero,
350 3824 468 3886 veniam
490 3825 564 3884 mihi
584 3847 645 3888 non
667 3847 731 3886 esee
753 3829 920 3886 defuturam
941 3826 1066 3886 confido.

250 3999 294 4058 48)
315 3995 512 4058 Sengebuschius
530 3996 555 4043 in
573 3997 641 4043 lahn.
660 4011 717 4043 ann.
734 3998 786 4044 vol.
801 3999 840 4045 67.
857 4014 881 4058 p.
896 3998 952 4044 259.
973 3999 1030 4045 260.

619 4219 823 4228 m-
