3114 4994
822 495 897 558 98,

300 653 465 712 Ahrensius
493 652 525 710 in
554 669 675 726 gramm.
704 649 729 728 ξ.
747 655 796 722 28,
814 656 841 709 8.
865 670 893 726 p.
911 653 959 708 28.
989 649 1186 708 Buttmannus
1214 648 1313 723 ingr.
1337 647 1388 707 Gr.

299 755 365 833 [ᾖ.
380 759 428 812 58.
451 773 480 830 p.
493 757 553 811 226
576 753 730 812 Aeolicam
751 752 913 812 flexionem
935 751 1047 831 ubique
1067 748 1269 827 postularunt,
1299 769 1389 828 qnam

298 875 353 934 pro
382 873 455 916 vcro
483 854 675 930 metaplasmo
703 854 877 928 intellegere
906 859 1009 913 contra
1030 853 1156 930 dhrens.
1178 853 1203 910 I.
1226 872 1255 928 p.
1275 856 1333 910 121
1359 857 1390 911 et

298 951 408 1018 Auscis.
436 977 464 1032 p.
487 962 536 1016 44.
565 975 627 1016 non
654 956 770 1027 dubito;
799 975 868 1014 nam
898 957 977 1036 quod
1004 974 1150 1034 nusquam
1180 949 1250 1031 ἔρον
1278 953 1389 1028 legitur

298 1059 410 1118 nullius
429 1059 571 1118 momenti
587 1076 650 1116 esse
667 1077 732 1116 cum
748 1058 927 1118 Buttmanno
948 1077 978 1134 p.
995 1057 1065 1116 267.
1083 1077 1111 1115 n.
1128 1055 1249 1130 accipio.
1292 1056 1389 1114 Extra

299 1162 464 1220 Homerum
479 1166 579 1219 autem
594 1159 744 1218 Hesiodus
758 1161 838 1218 hunc
850 1159 1032 1218 Aeolismum
1048 1178 1136 1238 quem
1151 1156 1274 1232 agnovit
1283 1157 1388 1216 Goctt

299 1263 411 1338 lingius
430 1282 460 1339 p.
475 1261 604 1320 XXXII
618 1253 710 1338 Ἔρος
730 1263 774 1321 th.
792 1266 861 1320 120.
878 1267 948 1321 201.
965 1258 1033 1337 ἔρος
1047 1281 1076 1320 v.
1088 1265 1159 1318 969.
1176 1277 1274 1338 neque
1289 1259 1388 1318 minus

299 1350 461 1442 sophocles
482 1363 541 1442 (El.
563 1385 592 1423 v.
612 1364 680 1423 197.
703 1353 771 1440 ἔρος
791 1363 825 1422 in
846 1364 936 1439 cant.)
958 1369 990 1422 et
1010 1362 1182 1438 Euripides,
1214 1361 1266 1438 qui
1297 1361 1386 1420 etiam
1439 1383 1444 1396 ·

296 1468 331 1526 in
354 1467 515 1526 dialecticis
538 1466 641 1526 formis
659 1465 851 1524 inmiscendis
871 1465 951 1524 inter
972 1465 1101 1540 tragicos
1115 1467 1241 1524 novator
1259 1465 1385 1536 exstitit,

301 1569 334 1626 in
357 1569 415 1628 div.
446 1564 515 1645 ἔρον
540 1567 632 1643 Hipp.
659 1588 689 1627 v.
706 1567 776 1627 887.
794 1573 865 1626 449.
895 1563 985 1644 (ἔρον
1014 1565 1119 1625 maluit
1145 1567 1175 1625 Ο.
1200 1566 1331 1624 Grashof
1354 1566 1387 1623 in

189 1733 191 1740 ,
299 1670 413 1748 antiqu.
428 1671 504 1729 stud
521 1689 588 1727 ann.
607 1670 696 1727 1887.
718 1690 747 1745 p.
765 1666 880 1750 586s7.)
903 1670 970 1744 Iph.
986 1669 1017 1726 Τ.
1033 1689 1061 1728 v.
1079 1669 1166 1726 1172.
1182 1669 1246 1726 Ion.
1255 1687 1283 1727 v.
1295 1668 1385 1726 1227.

299 1772 345 1830 ΕΙ.
367 1793 395 1832 v.
412 1771 483 1830 297.
507 1772 695 1830 admiserunt.
747 1773 814 1830 Illic
835 1772 928 1846 igitur
950 1771 1152 1832 nominativus
1175 1763 1241 1847 ἔρος
1265 1771 1298 1826 Γ.
1316 1775 1386 1828 442.

302 1869 422 1938 ,8.294.
439 1878 509 1931 816.
533 1877 642 1932 certam
663 1874 762 1932 sedem
784 1893 846 1932 non
868 1874 984 1933 obtinet
1004 1875 1056 1933 scd
1078 1871 1172 1930 multo
1190 1871 1325 1930 crebrius
1340 1889 1387 1930 ac·

299 1977 449 2036 cusativus
462 1976 606 2034 formulae
627 1976 721 2035 instar
743 1975 775 2032 in
796 1977 853 2034 hoc
874 1976 1028 2034 notissimo
1051 1995 1140 2035 versu
1162 1972 1312 2031 adhibitus
1328 1979 1387 2031 est:
1434 2017 1442 2034 .

300 2071 395 2156 αὕτᾶρ
426 2074 490 2136 ἐπεὶ
518 2071 624 2146 πόσιος
649 2074 700 2135 aci
726 2070 849 2151 ἐδητύος
876 2073 906 2147 ἒξ
929 2073 997 2152 l'pov
1020 2072 1085 2134 ἕντο
1107 2077 1145 2132 A.
1165 2079 1234 2133 469.
1263 2075 1296 2133 Β.
1314 2079 1384 2134 482.

301 2181 425 2238 11823.
450 2180 473 2236 Ι.
491 2185 541 2238 92.
562 2184 632 2238 222.
661 2181 765 2239 ἶ1157.
790 2179 830 2236 Ω.
849 2185 919 2238 632.
943 2200 969 2255 y.
987 2177 1057 2236 473.
1081 2175 1106 2234 tl.
1125 2182 1173 2236 68.
1197 2181 1229 2234 θ.
1247 2178 1296 2236 78.
1314 2182 1384 2236 485.

299 2303 328 2358 μ.
346 2287 416 2340 368.
446 2280 470 2352 ξ.
488 2287 558 2340 454.
587 2301 612 2339 o.
631 2285 699 2338 143.
724 2287 793 2339 303.
820 2286 889 2339 501.
920 2301 951 2337 π.
969 2283 1104 2338 56480.
1129 2300 1154 2355 p.
1170 2283 1219 2336 99.
1249 2299 1339 2358 quem
1361 2281 1385 2340 si

298 2403 365 2443 oum
388 2384 422 2442 O.
444 2383 589 2442 Mnellcro
612 2383 693 2460 (hist.
716 2383 772 2442 litt.
797 2383 844 2442 Gr.
868 2385 893 2442 1.
915 2403 944 2458 p.
962 2383 1014 2456 58)
1043 2379 1184 2457 proveri
1213 2381 1302 2440 simili
1333 2401 1385 2458 po-

298 2488 397 2545 nimus
428 2488 635 2544 hexametrum
663 2486 722 2543 iem
751 2486 784 2542 in
812 2485 980 2562 antiquiore
1001 2484 1085 2559 poesi
1113 2484 1255 2542 usitatum
1282 2483 1383 2555 tuisse,

298 2593 394 2648 totum
416 2608 455 2646 ex
476 2587 606 2646 Aeolicis
635 2587 813 2646 carminibus
841 2607 905 2646 csse
934 2587 1078 2646 adscitum
1109 2587 1227 2644 credere
1255 2605 1318 2643 non
1347 2585 1385 2645 sit

298 2689 433 2748 absimile
454 2708 552 2769 neque
568 2690 711 2747 absonum
726 2697 790 2749 crat
804 2690 933 2764 Bergkio
956 2689 1038 2766 (hist.
1055 2667 1113 2746 litt.
1131 2687 1179 2746 Gr.
1195 2687 1219 2745 Ι.
1242 2707 1272 2763 p.
1290 2689 1382 2764 869.).

298 2791 425 2867 Proprio
447 2809 519 2851 vero
535 2793 632 2849 Marte
654 2795 756 2850 auctor
777 2796 927 2850 exmemao
943 2791 1092 2867 Odysseae
1106 2789 1200 2866 partis
1216 2775 1290 2847 ¹eum
1312 2809 1384 2866 pau-

300 2894 395 2952 lulum
416 2893 639 2954 transformavit
659 2894 692 2951 in
713 2894 793 2952 hunc
814 2894 948 2951 modurn:
971 2891 1002 2950 οἳ
1024 2884 1049 2950 δ’
1064 2887 1126 2950 ἐπεὶ
1149 2877 1204 2949 οὖν
1221 2891 1313 2950 σίτοιο
1336 2911 1384 2968 με·

299 2993 440 3071 lipposos
469 2991 498 3064 ἒξ
521 2992 588 3073 ἔρον
611 2991 675 3053 ἕντο
699 3017 731 3053 ω.
748 3000 818 3054 489.
848 3000 939 3074 atque
965 2995 1122 3052 formulam
1149 2999 1302 3054 mutarunt
1331 2996 1383 3073 qni

299 3102 470 3174 punxerunt
486 3097 525 3154 N.
542 3102 602 3156 638
625 3094 654 3168 ἒξ
669 3094 738 3168 ἔρον
757 3087 833 3154 εἶναι
849 3090 977 3173 (μολπης
991 3093 1042 3154 καὶ
1060 3088 1278 3172 ὀρχηθμοῖο-
1291 3089 1313 3172 ἢ
1327 3115 1383 3155 πο-

300 3194 403 3276 λέμου)
426 3204 456 3258 et
479 3198 518 3256 Ω.
538 3201 614 3258 227;
647 3191 722 3273 invio
744 3191 816 3276 γόου
840 3195 870 3268 ἐξ
891 3195 959 3276 ἔρον
978 3193 1041 3271 εἵην
1056 3199 1089 3256 in
1106 3198 1204 3269 exitu;
1227 3200 1278 3257 sed
1293 3200 1382 3276 plane

301 3301 483 3361 aformulae
506 3301 604 3376 specie
626 3301 751 3362 descivit
771 3301 919 3359 recentior
940 3300 1010 3358 libri
1032 3314 1049 3357 o
1069 3307 1174 3376 poeta:
1201 3297 1259 3382 ἔρῳ
1282 3292 1309 3358 δ’
1325 3293 1382 3379 ἄρα

300 3396 404 3478 θνμὸν
426 3400 567 3478 ἔθελχθεν
587 3417 613 3460 o.
632 3409 703 3461 212.
754 3403 800 3462 De
821 3403 962 3476 iambogr.
985 3422 1042 3460 usu
1063 3423 1090 3462 v.
1112 3402 1241 3462 Rsnner.
1264 3423 1292 3478 p.
1311 3409 1381 3464 283.

392 3507 423 3586 2)
453 3507 610 3566 Praeterea
642 3525 708 3564 cum
737 3500 820 3584 γέλος
845 3524 899 3580 pro
929 3501 1018 3582 γέλως
1047 3503 1244 3564 Acolensibus
1273 3525 1380 3581 magno

301 3627 447 3667 consensu
468 3609 616 3667 adsertam
638 3612 728 3679 osset,
751 3627 811 3665 non
833 3607 897 3664 sine
918 3607 982 3666 veri
1005 3607 1103 3682 specie
1121 3606 1216 3664 eidem
1231 3607 1381 3668 Aeolismo

299 3708 460 3768 Homerico
482 3709 679 3768 Buttmannus
702 3681 732 3768 et
754 3707 918 3766 Ahrensius
940 3708 1080 3769 velificati
1103 3713 1187 3778 sunt;
1209 3712 1309 3768 tamen
1331 3710 1381 3768 alii

300 3811 364 3869 eius
384 3811 497 3889 formae
519 3810 605 3872 valde
627 3811 808 3884 satagebant.
850 3810 974 3869 Notavit
996 3810 1115 3890 quidem
1136 3810 1323 3869 Meineokius
1346 3811 1380 3870 de

300 3912 387 3972 Alex.
410 3912 517 3971 Aetolo
539 3913 572 3970 in
593 3911 669 3970 anal.
691 3911 777 3970 Alex.
800 3931 829 3987 p.
846 3917 917 3970 222.
939 3913 1151 3971 Buttmannum
1172 3912 1236 3989 ipse
1258 3930 1276 3970 e
1296 3913 1380 3972 libris

301 4013 499 4074 accusativum
515 4011 587 4093 γέλω
604 4015 658 4092 (-
672 4009 745 4092 ΐὸρῶ
762 4015 797 4070 Δ.
812 4013 861 4072 27.
879 4014 1000 4074 16672.
1016 4014 1085 4072 574.
1108 4017 1147 4071 Λ.
1162 4019 1232 4074 621.
1259 4013 1378 4073 (11661,

249 4122 251 4126 ’
305 4117 343 4176 X.
358 4121 386 4177 2.
415 4135 469 4192 pro
498 4113 625 4194 ἱδρῶτα,
657 4117 735 4196 quod
764 4116 928 4175 Ahrcnsius
956 4107 1043 4195 ἱδρόοι
1068 4142 1112 4168 =
1136 4107 1210 4195 χρόοι
1239 4121 1273 4176 ut
1301 4108 1382 4196 ltpdr

304 4219 335 4278 P.
353 4222 423 4277 886.
440 4217 510 4278 746.
533 4217 719 4278 scribendum
733 4219 899 4295 proposuit,
921 4219 972 4279 vel
987 4220 1084 4278 κυκεῶ
1100 4219 1137 4276 Κ.
1153 4223 1223 4278 290.
1240 4224 1310 4282 316.
1326 4240 1379 4297 pro

300 4319 449 4394 κυκεῶνα,
478 4340 506 4379 v.
529 4319 609 4378 (lust.
636 4321 669 4378 in
691 4340 732 4396 gr.
748 4319 806 4380 Gr.
830 4319 854 4398 ξ.
873 4326 941 4380 169.
966 4323 1001 4384 V.
1030 4323 1187 4400 Brugman
1216 4322 1302 4384 Stud.
1325 4324 1376 4383 IV.
