3114 4994
680 491 742 557 129

164 642 242 709 uolov
264 646 408 725 explioaui
430 649 529 724 potest
549 646 642 707 nisie
663 639 770 723 οοὶωμι,
794 646 873 725 quod
888 645 1056 708 Lobeokius
1076 647 1195 727 quidem
1217 651 1254 709 ad

164 751 276 811 Buttm.
295 750 337 808 Η.
359 769 388 826 p.
408 754 444 808 lu
467 749 638 826 repudiavit
658 749 710 808 sed
730 735 811 808 reite
832 747 952 808 Curtius
974 749 1011 808 de
1031 749 1123 809 verbo
1145 770 1175 826 p.
1192 755 1252 841 dqd

165 851 306 930 probavit
325 851 480 912 Aloaioum
505 844 640 922 οάοοςιε
655 842 764 920 totoue
792 849 839 927 (fr.
858 850 911 927 73)
938 852 1109 922 eonferens3
1138 855 1256 913 ueteres

165 953 306 1014 nimirum
327 953 491 1030 etymologi
511 952 560 1012 hio
582 951 752 1012 Dorismum
769 951 963 1011 Homerioum
984 952 1192 1029 praedioarunt
1214 954 1226 1032 (
1246 997 1255 1014 .

165 1054 239 1115 sur.
254 1054 295 1113 11.
317 1074 347 1130 p.
362 1053 446 1131 204).

251 1157 340 1215 Nune
354 1155 483 1232 primum
503 1156 665 1217 videndum
680 1159 727 1216 est
746 1157 846 1215 utrum
869 1173 971 1216 omnes
991 1157 1048 1216 hae
1062 1156 1174 1216 lormae
1189 1175 1256 1217 ver-

166 1257 273 1318 borum
295 1261 514 1318 oontraotorum
536 1277 612 1337 quae
633 1257 797 1317 flexionem
818 1257 1017 1336 antiquiorem
1045 1259 1078 1318 in
1099 1279 1133 1334 μι
1157 1265 1258 1320 seouta

164 1363 238 1420 sumt
257 1359 338 1442 inter
353 1359 481 1434 vestigia
498 1379 538 1418 ex
551 1359 675 1419 Aeolida
688 1359 771 1435 poesi
791 1359 967 1436 deprompta
980 1361 1179 1420 numerandae
1195 1350 1260 1422 sint¹

166 1481 206 1522 an
221 1462 257 1520 ad
273 1466 405 1522 veterem
420 1455 584 1520 Ionismum
599 1461 649 1521 vel
663 1459 901 1540 antiquissimam
917 1460 1049 1536 linguam
1064 1461 1255 1537 relegandam

166 1562 350 1641 grammatici
382 1564 461 1622 enim
491 1568 526 1622 ut
556 1567 661 1640 postea
687 1561 855 1624 videbimus
887 1561 1058 1639 saepissime
1088 1563 1256 1625 Aeolismos

165 1665 350 1734 iudiearunt3
372 1683 470 1744 neque
491 1665 625 1741 profecto
647 1663 700 1724 illa
720 1663 882 1725 eontraotio
907 1683 924 1723 e
945 1664 1118 1740 vulgaribus
1140 1671 1256 1726 eontra·

165 1767 258 1828 hendi
275 1767 391 1842 legibus
406 1765 517 1826 Iouiois
533 1765 692 1842 expeditur
710 1750 825 1846 quiere
841 1764 951 1826 ooaluit
965 1766 999 1826 in
1013 1783 1039 1825 at
1055 1767 1104 1845 (of.
1123 1763 1256 1847 ἐφομαρ-

166 1871 263 1930 τεῖτον
283 1865 422 1944 κομείτην
445 1865 480 1925 Θ.
503 1871 570 1926 118.
599 1864 746 1942 κομείτων
764 1864 798 1925 Θ.
816 1867 899 1944 109).
944 1867 1002 1926 Sed
1028 1887 1068 1926 ue
1088 1869 1256 1930 Aeolismos

166 1972 360 2034 concedamus
376 1969 505 2046 primum
526 1986 597 2028 sane
612 1967 708 2030 levius
724 1967 934 2028 offendiculum
953 1969 1093 2054 adferunt
1104 1969 1256 2045 longiores

165 2071 390 2136 terminationes
411 2069 629 2130 infinitivorum
655 2069 807 2144 infusum
829 2075 860 2130 et
879 2069 1124 2145 imperativorum
1150 2070 1183 2130 in
1205 2075 1255 2130 -θο

167 2193 244 2256 quae
266 2173 403 2236 averbis
422 2172 505 2249 puris
530 2172 564 2231 in
586 2169 711 2231 Aeolide
732 2173 876 2251 quantum
904 2171 1012 2232 seimus
1040 2173 1155 2232 alienae
1174 2177 1254 2249 sunt,

165 2282 231 2338 tum
252 2275 372 2350 gravius
387 2272 482 2333 dualis
500 2274 612 2332 formae
634 2272 718 2332 euius
733 2290 772 2331 ex
788 2271 912 2332 Aeolide
927 2291 983 2333 nee
997 2274 1066 2334 vola
1086 2291 1142 2334 neo
1162 2275 1254 2336 vesti·

167 2378 250 2454 giam
271 2381 406 2453 superest
428 2373 467 2451 (r.
485 2375 598 2434 Hirzel.
616 2395 645 2452 p.
658 2373 811 2452 51-53);
834 2393 933 2454 neque
954 2375 1034 2434 enim
1054 2375 1157 2435 dubito
1180 2377 1253 2474 quin

166 2477 292 2554 ποὶητον
307 2477 461 2537 Aeolicum
484 2497 549 2537 oum
563 2475 723 2536 Homerioo
745 2466 839 2550 ἄητον
852 2480 1044 2554 temperatum
1060 2478 1140 2556 quod
1156 2475 1255 2561 τροπῇ

168 2581 223 2642 τοῦ
246 2584 260 2640 ἓ
283 2576 326 2650 οἷς
346 2582 366 2656 ἦ
388 2574 537 2648 Αἰολικῶς
559 2569 601 2648 οἷς
623 2569 656 2636 ud
680 2573 826 2653 διζὲμενος
847 2569 1002 2654 διζήμενος
1028 2575 1079 2637 καὶ
1101 2574 1255 2656 τιθέμενος

166 2675 332 2760 astituros
352 2679 520 2758 explieatur
546 2679 588 2757 (v.
604 2681 676 2738 shr.
692 2680 717 2738 Ι.
736 2692 765 2757 p.
786 2685 853 2738 189.
876 2684 944 2740 145.
964 2699 994 2740 n
1009 2679 1063 2759 21)
1085 2683 1254 2757 grammati·

167 2803 269 2845 eorum
280 2788 477 2844 commentum
489 2782 536 2843 sit.
565 2782 632 2855 Sed,
649 2781 729 2862 quod
740 2782 944 2857 gravissimum
960 2787 1013 2856 est,
1032 2802 1102 2842 usus
1113 2783 1253 2844 Aeolidae

165 2885 286 2946 dialeoti
307 2883 428 2946 minime
441 2883 581 2962 proprius
594 2883 654 2944 fuit
675 2885 726 2944 sed
748 2884 837 2944 etiam
858 2885 891 2942 in
905 2884 1254 2969 Doridisooneuetudine

166 2988 411 3066 deprehenditur,
440 3007 469 3048 v.
487 2986 587 3047 Allen.
604 3005 633 3062 p.
651 2987 830 3066 264;⁴qnod
852 3005 919 3046 oum
939 2985 983 3046 ita
1003 2984 1043 3046 sit
1063 2984 1141 3046 nihil
1160 2989 1254 3047 restat

165 3090 225 3150 nisi
246 3096 281 3151 ut
293 3089 353 3167 ipsi
365 3089 497 3150 Ionismo
510 3088 719 3149 formationem
739 3087 924 3147 vindioemns
939 3092 1029 3168 atque
1043 3088 1254 3150 eontraotionis

166 3193 313 3254 rationem
335 3191 388 3270 (eje
409 3210 464 3268 per
484 3209 607 3268 quaeq
629 3189 707 3250 siout
726 3181 848 3268 ἥεριι-
862 3176 913 3268 ἦρι
934 3175 968 3265 ἦε
982 3175 1059 3265 πῆ
1080 3175 1133 3266 ἦεν
1146 3215 1190 3241 ==
1206 3176 1252 3268 ἦν,

167 3295 248 3354 Gurt.
264 3294 346 3354 Stud.
362 3295 404 3353 11.
421 3314 448 3370 p.
464 3293 533 3366 179,
557 3290 603 3368 oju
619 3309 673 3368 per
688 3311 729 3351 uo
741 3311 785 3343 =
796 3293 832 3368 ω)
853 3311 892 3351 ex
911 3291 1059 3351 oommuni
1074 3291 1254 3372 antiquitate

164 3400 342 3474 repetamus.
382 3397 489 3475 Itaque
503 3395 535 3452 in
549 3393 722 3455 universnm
736 3393 915 3454 archaismos
929 3396 1051 3468 vocabo,
1074 3412 1253 3473 quamquam

165 3517 228 3558 non
249 3497 419 3574 negaverim
445 3495 604 3556 nonnullas
630 3513 720 3556 voees
740 3515 827 3573 posse
856 3513 895 3554 ex
915 3495 1046 3556 Aeolide
1073 3496 1253 3556 earminibue
1276 3537 1280 3546 ·

165 3606 301 3677 receptes
322 3618 385 3659 esse
399 3617 498 3678 neque
513 3597 661 3658 Ahrensio
677 3599 849 3674 refragabor
867 3597 919 3677 qui
940 3596 1015 3655 illud
1028 3588 1180 3674 ἀρώμεναι
1193 3614 1253 3656 una

165 3721 233 3766 eum
255 3697 357 3778 οἵνημο
378 3700 451 3761 Hes.
473 3720 520 3777 op.
538 3704 597 3759 681
628 3701 678 3777 (of.
699 3696 840 3776 ἐπαίνημο
861 3697 1079 3759 Stesichoreum
1106 3702 1137 3756 et
1157 3697 1252 3756 Simo·

165 3804 298 3882 uideam)
325 3803 406 3863 inter
426 3800 553 3862 Hesiodi
578 3807 674 3862 oertos
695 3801 862 3862 Aeolismos
888 3800 991 3864 retulit
1018 3800 1054 3858 de
1082 3798 1159 3859 mist
1185 3797 1253 3858 dial.

166 3927 195 3984 p.
212 3908 266 3978 73;
295 3905 347 3965 sod
375 3903 533 3964 disorimen
562 3921 623 3962 non
650 3904 785 3966 interest.
836 3901 985 3961 Plurimae
1013 3905 1113 3960 autem
1139 3901 1254 3960 formae
1359 3889 1365 3897 ’

165 4006 262 4068 solum
283 4007 362 4084 apud
382 4005 547 4064 Homerum
567 4005 771 4080 reperiuntur,
800 4001 933 4083 reliquae
953 4019 1026 4063 vero
1047 4019 1123 4081 quae
1151 4001 1254 4060 eadem

163 4107 280 4170 ratione
311 4107 498 4184 utuntnr⁴⁸)
531 4123 709 4185 quamquam
743 4124 889 4186 nusquam
920 4105 1080 4163 verborum
1110 4121 1253 4179 purorum

164 4209 301 4272 habitum
321 4211 497 4270 induerunt:
520 4205 753 4286 δίζημοιοίχημι
767 4199 840 4284 ὁὶημι
860 4208 894 4268 iu
906 4205 988 4268 Iadis
1009 4209 1040 4266 et
1060 4203 1178 4290 vulgari
1197 4223 1254 4264 usu

211 4374 214 4382 ·
233 4340 279 4408 43)
297 4344 327 4392 V.
343 4344 425 4393 Bekk.
449 4345 533 4394 sohed.
550 4345 623 4394 Hom.
635 4344 655 4392 1.
674 4358 698 4405 p.
712 4344 752 4392 to.
771 4346 835 4402 2793
862 4355 911 4390 non
929 4341 1093 4390 Buttmannus
1116 4338 1253 4388 laudandus

1015 4434 1032 4484 9
