3092 4996
816 469 860 534 24

296 625 371 703 pert
390 624 476 684 verbi
492 615 606 700 ἥδομαι
621 644 677 701 pro
695 615 825 700 ἦσμὲνος
838 626 919 706 quod
933 624 1106 684 Herodiano
1125 625 1284 701 placuerat,
1307 627 1386 684 Aeo-

294 726 376 787 lismi
396 727 462 786 loco
483 726 654 786 subnexuit

382 829 415 889 O.
448 828 482 906 4)
499 828 697 888 Grammatico
710 829 744 888 in
753 831 812 887 An.
823 828 881 887 Ox.
896 829 920 887 L
935 849 965 905 p.
979 829 1048 901 174,
1070 834 1085 889 1
1102 830 1140 888 ad
1152 825 1235 906 ἔρδοι
1245 828 1298 904 (Κ.
1311 833 1383 888 503.

295 926 329 995 Ξ.
346 935 419 990 261.
439 949 466 989 o.
483 931 568 1008 360).
601 927 750 999 Αἰολικός
764 928 927 989 socorditer
940 931 1121 991 adscribenti
1138 950 1224 990 aures
1240 933 1386 1008 praebere

295 1033 464 1104 nonlicet,
494 1053 584 1112 quem
605 1034 642 1091 de
662 1031 768 1109 psilosi
787 1031 872 1090 vocis
892 1027 986 1107 ἔρδω,
1015 1034 1064 1093 cui
1085 1034 1176 1110 stirps
1199 1039 1265 1093 crat
1284 1035 1384 1112 Fepy·‚

295 1134 390 1213 (Gnrt
403 1154 433 1211 p.
449 1134 517 1192 171.
530 1139 601 1208 569,
622 1135 751 1194 Beklrer.
767 1132 801 1191 in
817 1153 885 1192 ann.
902 1135 948 1192 ed.
958 1135 1000 1192 Π.
1013 1155 1044 1211 p.
1054 1135 1132 1194 473:
1153 1135 1254 1194 malim
1264 1131 1383 1214 Fs'pdou)

294 1237 442 1313 cogitasse
458 1240 556 1312 patet,
579 1236 651 1316 qnia
668 1237 748 1311 apud
766 1235 953 1294 Herodotum
971 1231 1048 1312 ἔρδω
1066 1237 1252 1296 scribebatur
1270 1239 1311 1313 (v.
1324 1239 1384 1296 Lo-

295 1340 383 1398 beck.
407 1339 446 1396 ad
464 1337 513 1396 A'n
532 1359 564 1397 r.
584 1343 655 1396 905.
676 1357 707 1414 p.
725 1343 786 1395 329
810 1337 856 1396 ed.
872 1338 949 1410 m,
970 1338 1116 1398 Knelrner
1137 1359 1181 1414 gr.
1206 1339 1257 1400 Gr.
1277 1341 1322 1398 cd.
1340 1340 1383 1400 Π.

296 1438 324 1518 §-
339 1446 390 1499 22.
409 1447 437 1499 9.
460 1460 489 1516 p.
511 1444 586 1510 1013
609 1442 646 1500 de
667 1440 799 1499 Homero
820 1460 849 1499 v.
870 1439 1006 1499 Larocbe
1026 1461 1055 1517 p,
1074 1441 1158 1519 258).

382 1543 415 1620 6)
436 1543 543 1621 Neque
563 1542 622 1601 fide
636 1542 731 1617 magis
752 1542 836 1617 digni
857 1547 928 1602 sunt
941 1543 1133 1618 grammatici,
1155 1563 1283 1623 qnorum
1297 1562 1384 1621 prae-

297 1648 417 1720 ceptum
437 1643 471 1702 in
492 1644 584 1702 schol
602 1646 633 1701 A
654 1646 692 1702 ad
712 1645 752 1702 Λ.
769 1649 831 1703 413
854 1639 1000 1718 ψιλωτὲον
1017 1635 1051 1702 rsi
1073 1641 1197 1715 ἔλσαν,
1219 1637 1267 1704 iirr
1281 1642 1383 1704 Alatr-

295 1741 412 1824 κωτὲρα
432 1737 454 1824 ἦ
474 1743 568 1815 κλίσις
580 1747 722 1817 traditur;
743 1746 885 1805 videntur
906 1745 987 1805 enim
1007 1747 1114 1822 nugari
1135 1748 1173 1805 de
1186 1747 1310 1806 Aeolica
1328 1749 1384 1806 fle·

297 1848 389 1908 xionc
404 1848 417 1926 (
438 1894 445 1908 .
458 1847 484 1927 §.
500 1848 546 1907 17.
562 1849 600 1928 l).
629 1849 752 1909 Rectius
766 1853 865 1907 autem
875 1849 1073 1908 Buttmannns
1086 1848 1117 1906 in
1133 1849 1216 1908 lexil
1227 1851 1267 1908 H.
1278 1870 1307 1927 p.
1323 1855 1382 1908 140

296 1951 342 2010 ed.
357 1951 399 2010 H.
421 1951 548 2029 psilosin
567 1952 653 2011 verbi
674 1947 757 2021 εἴλει,
788 1951 868 2028 quod
890 1949 1037 2025 digammo
1058 1955 1123 2010 erat
1141 1951 1320 2012 instructum
1340 1952 1383 2028 (v.

294 2071 326 2128 p.
343 2057 414 2125 126,
437 2052 533 2126 Giese,
554 2073 585 2129 p.
600 2054 680 2126 274,
703 2054 783 2112 Gurt.
801 2072 831 2128 p.
848 2053 923 2130 334)
943 2053 1082 2125 Ionibus,
1104 2053 1314 2130 aspirationem
1328 2057 1383 2114 st-

296 2153 364 2214 licis
384 2154 558 2216 vindicavit
579 2187 622 2198 —

382 2257 416 2336 6)
436 2256 602 2316 Herodiani
616 2277 648 2314 rr.
664 2249 717 2314 'la
731 2278 782 2335 πρ.
797 2257 836 2315 Α.
855 2262 925 2329 469,
947 2257 990 2316 ΙΙ.
1007 2278 1037 2334 p.
1051 2263 1101 2331 28,
1121 2258 1156 2317 17
1173 2258 1210 2316 de
1223 2276 1299 2317 voce
1312 2253 1384 2334 ἔρον

293 2358 438 2435 placitum
466 2350 508 2428 cic
536 2349 682 2417 Αἰολικὸν
709 2355 873 2433 walarico,
905 2359 961 2418 etsi
991 2379 1139 2438 nusquam
1165 2378 1252 2435 asper
1278 2361 1382 2435 adfuit,

294 2462 397 2520 nescio
418 2481 459 2519 an
480 2462 518 2518 ad
533 2462 791 2536 grammaticorum
811 2463 849 2519 dc
869 2461 1022 2538 litteraep
1041 2461 1146 2538 psilosi
1159 2461 1293 2537 regulam
1306 2462 1384 2523 sicut

296 2563 331 2624 iu
351 2555 528 2640 ταλαύρινος
547 2561 689 2640 (§.a.11.
709 2563 737 2639 1)
758 2565 869 2623 redeat

647 2747 674 2827 §.
697 2754 725 2808 3.
768 2751 822 2810 De
844 2750 1031 2825 digamma.

379 2867 520 2929 Aeolicae
540 2868 672 2926 maxime
694 2868 812 2928 dialecti
836 2869 975 2946 proprius
999 2870 1059 2930 fuit
1078 2869 1222 2930 transitus
1242 2870 1382 2946 digammi

293 2973 327 3032 in
340 2971 475 3032 vocalem
488 2991 517 3046 o,
540 2989 617 3050 qnae
632 2991 698 3032 cum
712 2972 906 3032 antecedente
919 2971 1016 3032 vocali
1032 2971 1065 3031 in
1080 2972 1298 3048 diphthongum
1312 2993 1383 3032 con·

293 3073 399 3148 fluxit,
427 3073 550 3134 cumin
570 3074 695 3154 reliquis
716 3074 850 3134 dialectis
871 3074 987 3150 spirans
1008 3077 1039 3132 et
1060 3075 1291 3148 geminationem
1311 3095 1383 3134 con·

295 3195 435 3236 sonarum
456 3179 488 3236 ct
506 3175 656 3236 vocalium
669 3176 893 3254 productionem
915 3179 968 3234 aut
982 3176 1100 3234 efficere
1114 3181 1166 3236 aut
1186 3177 1259 3238 satie
1277 3177 1382 3237 incon·

294 3281 409 3338 stanter
429 3281 596 3353 temporum
623 3298 782 3356 progressu
807 3278 966 3354 neglegere
987 3277 1111 3349 soleret3
1140 3298 1239 3359 nequo
1260 3279 1321 3340 scio
1342 3298 1383 3338 an

294 3399 357 3440 non
377 3380 442 3439 inre
463 3380 538 3439 haec
559 3383 749 3455 consuetudo,
772 3399 849 3460 quae
869 3385 987 3440 veteres
1004 3380 1209 3455 grammaticos
1230 3383 1268 3440 ad
1288 3402 1382 3441 unum

295 3501 399 3543 omncs
413 3482 446 3540 in
459 3482 564 3541 falsam
577 3482 743 3559 pleonasmi
758 3483 929 3559 opinionem
943 3481 1083 3558 abripuit,
1104 3481 1231 3556 Aeolidi,
1253 3484 1302 3543 cui
1316 3503 1382 3543 cam

295 3587 333 3645 ob
354 3604 419 3644 rem
440 3584 529 3644 etiam
556 3605 636 3644 nunc
657 3585 809 3646 Hirzelius
830 3605 859 3662 p.
876 3590 926 3642 39.
944 3588 994 3642 40.
1011 3589 1051 3642 62
1073 3590 1154 3644 recte
1181 3604 1253 3662 prae
1275 3586 1381 3646 ceteris

294 3686 429 3747 dialectis
450 3691 482 3746 ct
501 3686 606 3762 lingua
619 3687 780 3747 Homerica
799 3685 987 3764 antiquitatis
1001 3686 1129 3762 palmam
1149 3686 1264 3760 tribuit,
1285 3688 1381 3748 solum

293 3794 413 3866 praeter
434 3788 591 3866 Cypricam
617 3788 982 3849 dialectum·vindicanda
1002 3791 1049 3849 sit.
1092 3789 1169 3848 Nam
1195 3789 1229 3848 in
1256 3790 1380 3869 reliquis

293 3892 418 3951 vocibus
439 3909 516 3970 quae
543 3910 582 3950 ex
603 3895 668 3951 tota
690 3890 857 3950 Graecitatc
878 3892 938 3950 huc
957 3891 1127 3951 referuntur
1154 3890 1194 3969 (r.
1217 3891 1378 3952 Christium

293 4013 322 4070 p.
342 3990 442 4075 lasse.
465 3997 640 4065 192-193,
663 3994 742 4053 Ourt
756 4013 785 4069 p.
800 3993 990 4070 514-517),
1005 3993 1134 4070 primum
1148 3993 1310 4054 videndum
1324 3999 1378 4068 est,

292 4097 379 4156 ubic
400 4096 589 4174 productioni
604 4095 804 4172 suppletoriae
823 4096 874 4156 vel
894 4096 1050 4176 epenthesi
1071 4096 1221 4168 debeatur,
1243 4100 1307 4156 tum
1328 4096 1379 4155 ad-

293 4199 476 4260 curatissime
497 4216 619 4262 necesso
641 4203 687 4258 est
707 4198 893 4274 dispiciatur,
915 4203 1014 4258 utrum
1035 4197 1194 4274 pristinum
1217 4218 1379 4258 consonum

293 4299 439 4378 digamma
453 4321 486 4361 re
501 4320 573 4362 vora
589 4300 622 4359 in
635 4301 769 4361 vocalem
785 4321 815 4374 υ,
838 4320 964 4380 quacum
980 4302 1070 4361 habet
1085 4301 1262 4362 artissimam
1276 4319 1379 4361 neces·
