3092 4996
683 1298 795 1392 Pars
823 1297 961 1422 prior.

467 1473 644 1550 Reccosio
670 1472 909 1572 vestigiorum
934 1468 1177 1547 Aeolieorum.

494 1658 521 1737 5.
546 1664 573 1716 1.
615 1661 668 1718 De
688 1665 848 1719 accentu
868 1659 1152 1735 praemonenda

367 1777 493 1854 Singula
517 1778 642 1837 Aeolica
667 1778 796 1853 vestigia
824 1797 901 1857 quae
928 1778 963 1836 in
989 1777 1160 1836 Homericis
1187 1776 1367 1836 carminibus

281 1879 424 1954 leguntur
451 1883 506 1940 sub
535 1900 661 1940 examen
687 1881 809 1940 vocanti
834 1881 989 1939 exordium
1016 1881 1100 1938 dedit
1124 1885 1265 1938 accentus
1284 1879 1368 1937 cuius

281 1982 359 2042 ratio
386 2003 447 2042 non
476 1984 536 2042 alio
560 1984 753 2042 fundamento
780 1983 887 2042 nititur
914 1983 973 2041 nisi
999 1981 1258 2057 grammaticorum
1283 1999 1369 2056 prac-

279 2085 385 2161 ceptis.
426 2086 547 2145 Scilicet
563 2104 602 2144 nc
614 2105 688 2144 rere
700 2086 905 2162 pronuntiatio
918 2085 1039 2159 linguae
1053 2085 1184 2142 cnm
1197 2083 1370 2141 emorientis

280 2187 371 2263 plane
392 2207 410 2246 e
432 2189 574 2247 memoria
590 2197 789 2260 evanesceret,
810 2188 941 2246 carmina
961 2187 1043 2246 notis
1061 2185 1245 2263 prosodiaeis
1265 2184 1370 2242 distin-

280 2291 448 2362 guebantur
464 2291 491 2348 si
504 2289 604 2348 minus
617 2291 655 2347 ab
669 2290 870 2365 Aristophane
883 2289 1031 2366 Byzantio
1045 2287 1182 2368 quamvis
1195 2291 1371 2345 accentuum

280 2391 439 2452 inventore
460 2392 553 2464 dicto,
576 2399 608 2451 at
627 2393 757 2450 maxime
778 2393 817 2450 ab
837 2391 1011 2450 Aristarcho
1024 2393 1053 2466 ¹)
1073 2397 1166 2469 atque
1186 2409 1205 2446 a
1224 2387 1371 2465 pomerio·

280 2495 365 2552 ribus
392 2495 445 2573 qui
464 2495 545 2552 hand
570 2514 638 2552 raro
665 2495 790 2553 multum
811 2495 935 2553 arbitrio
957 2493 1083 2568 grassati
1109 2497 1181 2551 sunt
1205 2497 1237 2550 et
1255 2488 1368 2566 ineptis

281 2595 401 2652 iudiciis
425 2595 614 2653 indulserunt
639 2613 716 2672 quae
743 2598 781 2653 dc
806 2616 914 2654 rocam
933 2597 1113 2655 formatione
1139 2601 1231 2673 atque
1252 2591 1368 2667 origine

279 2698 422 2755 fecerant.
464 2698 572 2774 Itaque
592 2716 659 2753 cum
674 2703 848 2754 accentuum
863 2698 997 2755 condicio
1011 2697 1147 2771 intellegi
1167 2703 1297 2774 nequeat
1310 2691 1370 2750 uisi

280 2799 318 2856 dc
344 2797 451 2856 formis
476 2797 551 2872 ipsis
573 2798 735 2873 disputatio
761 2797 811 2869 fit,
843 2818 932 2876 quam
957 2775 1152 2877 sequentihus
1175 2793 1370 2873 paragraphis

281 2899 450 2972 instituam,
479 2901 539 2958 hoc
565 2899 631 2958 loco
659 2899 845 2976 paucissimis
870 2918 922 2958 eos
950 2901 1003 2979 qni
1024 2902 1063 2959 ad
1083 2899 1218 2959 Aeolidis
1236 2897 1369 2973 regulam

282 3007 431 3076 spectant,
452 3001 599 3060 indicabo.

367 3103 531 3164 Accienses
552 3104 645 3179 igitur
659 3106 696 3163 ab
712 3105 850 3164 omnihus
864 3104 985 3164 Graecis
1000 3105 1151 3164 distabant
1171 3103 1251 3182 quod
1265 3120 1369 3161 accam

282 3209 332 3262 tus
352 3223 372 3262 a
391 3205 453 3263 fine
472 3227 580 3266 rocam
602 3227 691 3286 quam
711 3209 841 3266 maxime
861 3213 1052 3266 retraxerunt
1064 3206 1199 3282 exceptis
1218 3203 1370 3280 praeposi-

283 3306 416 3366 tionibus
437 3315 468 3366 et
488 3309 762 3382 coniunctionibus,
790 3329 850 3389 qua
869 3329 903 3368 re
923 3310 1047 3368 ultimae
1067 3309 1199 3386 syllabae
1219 3307 1370 3365 interdum

282 3409 505 3470 mutilabantur.
547 3411 632 3470 Haec
652 3431 725 3470 rcro
747 3407 882 3488 βαρύτης
901 3431 963 3468 m
983 3403 1080 3468 τόνων
1106 3429 1196 3489 quam
1221 3407 1369 3468 scholiast-

282 3510 317 3570 in
338 3511 434 3572 Bekk.
456 3514 559 3573 anecd.
576 3533 619 3588 gr.
635 3515 677 3572 IL
699 3535 728 3590 p.
745 3520 816 3587 662,
839 3520 880 3572 28
903 3513 945 3593 τῷ
964 3513 1018 3586 τῆς
1039 3510 1144 3586 φωνῆς
1163 3501 1369 3589 ἆρχαιοτρόπφ

283 3613 436 3690 explicuit,
457 3617 639 3676 recentiores
660 3625 759 3676 autem
780 3617 956 3694 plerumque
969 3621 1094 3691 propter
1111 3614 1232 3689 linguae
1246 3612 1371 3670 latinae

284 3734 351 3774 cnm
365 3717 490 3778 Aeolide
511 3720 718 3794 cognationem
738 3739 827 3798 quam
849 3717 969 3793 plurimi
991 3717 1208 3793 praedicabant,
1230 3719 1263 3774 at
1282 3731 1370 3772 nemo

284 3816 421 3878 sollerter
450 3821 678 3894 demonstrarit,
710 3840 750 3879 ex
779 3819 986 3899 antiquissima
1014 3819 1118 3894 lingua
1144 3817 1321 3894 repetebant
1330 3815 1369 3889 ²),

284 3921 395 3979 rectius
416 3923 454 3980 ad
474 3923 655 3982 recentiores
682 3922 801 3980 dialecti
822 3921 962 3980 Aeolicac
982 3923 1180 3999 proprietates
1204 3918 1371 3977 revocanda

285 4039 489 4051 --—.-—

356 4091 382 4149 1)
399 4090 429 4136 V.
448 4090 582 4152 Goettling.
601 4092 632 4138 dc
648 4097 741 4138 secent.
758 4106 783 4150 p.
797 4093 837 4139 10.
853 4117 888 4127 —
910 4092 998 4139 Lehrs.
1015 4092 1092 4138 Arist
1108 4105 1133 4151 p.
1146 4091 1196 4138 2⁵0
1208 4104 1245 4148 sq.
1273 4085 1369 4142 Nauck,

285 4173 412 4234 Aristoph.
434 4190 460 4238 p.
474 4180 513 4226 10.
547 4178 627 4224 lenta
650 4177 729 4236 praei.
753 4177 785 4223 ad
801 4177 938 4224 Herodiani
955 4176 1072 4223 Technici
1092 4177 1179 4235 reliqu.
1203 4172 1370 4234 pmvll.

355 4262 381 4320 2)
398 4261 429 4309 cs.
448 4260 582 4324 Goettling.
599 4277 623 4322 p.
637 4263 677 4309 28.
709 4260 1152 4323 Boeckh.adc.i.g.1.p.t18b.
1182 4258 1255 4308 Giese
1273 4259 1369 4320 peel.

286 4341 376 4404 Bergk.
395 4360 419 4406 p.
432 4349 473 4406 62,
491 4351 533 4396 89.
567 4348 652 4395 Amcis
668 4362 692 4406 p.
708 4351 746 4397 1³.
