3092 4996
667 440 708 506 83

151 589 228 674 pute
250 589 327 672 (plat
347 614 412 656 voa.
435 614 482 676 ap.
503 596 533 656 S.
554 596 591 658 ir.
609 601 659 669 45,
681 596 711 674 1)
734 602 764 656 et
785 591 890 672 χέλῦνα
912 615 966 674 pro
990 589 1101 674 χελώνη
1123 615 1231 675 conpa-

150 703 253 770 rantes,
276 718 302 758 v.
323 698 397 756 Ahr.
420 719 447 776 p.
466 704 516 758 88.
560 697 680 759 Scilicet
701 700 826 758 fortusse
851 701 982 778 Phrygio
1009 700 1076 760 duci
1100 701 1231 780 antiquis

150 819 185 860 ex
211 800 389 860 carminibus
418 801 571 862 Aeolicum
600 820 707 860 nomen
739 802 815 861 sicut
844 802 953 862 Priami
985 801 1047 862 filio
1078 803 1231 864 Pammeni

151 901 188 980 (n.
207 903 256 979 18)
280 908 344 962 erat
365 903 501 966 inditum.

156 1013 159 1022 ’
230 1003 262 1064 Β.
308 1025 332 1064 οο
353 1025 409 1084 pro
432 1027 476 1064 ου.

231 1105 260 1182 8)
282 1107 464 1168 Perdifficile
487 1108 523 1165 de
538 1107 634 1170 forms
650 1104 713 1183 βών
733 1107 772 1166 Η.
790 1112 850 1164 238
868 1107 1002 1186 (clypeus
1021 1107 1149 1188 pellibus
1164 1112 1229 1168 tau-

149 1206 219 1269 rinis
239 1209 415 1287 instructus)
437 1210 561 1272 iudicari
585 1215 692 1288 potest,
717 1228 791 1288 quae
814 1229 832 1267 a
854 1208 945 1270 schol.
961 1209 1072 1270 Dorica
1094 1230 1132 1268 ου
1155 1209 1184 1270 iu
1209 1231 1232 1268 ω

148 1312 315 1384 mammone,
337 1314 374 1371 cb
397 1312 569 1375 Herodiano
593 1334 623 1372 a.
642 1333 706 1388 μον.
724 1309 779 1382 att.
799 1315 825 1384 1,
845 1318 884 1370 24
905 1317 934 1371 et
951 1331 968 1372 a
986 1312 1139 1372 Prisciauo
1156 1317 1233 1372 Aeo·

148 1411 218 1481 lica,
247 1413 279 1472 iu
303 1415 338 1473 E.
358 1415 399 1472 M.
418 1416 533 1491 pact,
551 1421 590 1474 20
617 1415 734 1492 lorica,
765 1417 802 1474 ab
826 1414 953 1474 Arcadio
986 1406 1059 1474 κανοὶ
1082 1407 1235 1472 διάλεκτον

149 1517 239 1598 τροπῇ
262 1515 430 1594 explicatur
451 1536 505 1596 pro
528 1515 604 1594 βοῦν
627 1517 668 1596 (ν.
688 1519 761 1578 hhr.
780 1517 821 1578 11.
844 1522 959 1596 p.165.
980 1521 1047 1576 166.
1072 1537 1100 1576 u.
1117 1522 1163 1576 16.
1187 1519 1234 1576 17.

149 1635 175 1694 p.
188 1619 234 1678 27.
255 1639 282 1678 u.
299 1624 327 1678 6.
351 1620 374 1678 Ι.
393 1638 421 1696 p.
433 1619 497 1696 94).
541 1621 608 1680 Ηοε
632 1608 981 1700 σοὶἀοιοᾏώεῐορὴοοοε
997 1618 1160 1698 Byzantius
1176 1617 1234 1692 legi

148 1718 286 1794 voluerat,
311 1721 342 1778 in
366 1720 448 1779 cuius
472 1722 650 1782 sententiam
673 1722 819 1799 concessit
842 1721 994 1782 Nauckius
1015 1721 1052 1780 fr.
1074 1725 1125 1780 Ar.
1150 1740 1177 1797 p.
1198 1725 1234 1778 54

149 1817 208 1896 βών
229 1828 333 1902 utpote
358 1842 374 1880 e
396 1821 471 1880 falsa
493 1824 741 1903 palaeographica
762 1824 1010 1902 interpretatione
1026 1828 1128 1882 uatum
1151 1827 1237 1880 autu·

149 1942 235 1986 mans.
280 1925 339 1984 Sed
360 1925 461 2002 lapsus
484 1932 530 1986 est
546 1926 616 2006 quia
638 1925 712 2001 βοῦν
735 1928 826 2004 habet
841 1926 1000 2000 genuinam
1016 1923 1236 2002 diphthongum

149 2045 199 2102 per
221 2047 257 2085 ου
280 2027 482 2100 scribendam,
513 2049 574 2088 non
597 2048 701 2088 sonum
724 2026 918 2106 productione
941 2034 1046 2086 ortum.
1091 2026 1237 2102 Didymus

149 2135 243 2188 autem
265 2129 320 2208 (M.
341 2129 483 2190 Schmidt.
503 2150 533 2208 p.
551 2132 622 2208 131)
647 2131 689 2192 sic
711 2130 861 2190 adhibuit:
885 2127 963 2206 βών]
989 2121 1082 2198 οὕτως
1106 2125 1139 2186 αἱ
1155 2121 1235 2204 Ἀρι-

149 2222 270 2308 σεώρχου
287 2228 350 2306 βῶν
366 2225 421 2289 σὺν
443 2232 485 2311 τῷ
501 2253 525 2289 ν.
550 2223 570 2306 ἡ
588 2225 826 2310 Ἀριστοφάνους
849 2229 931 2308 βοῦν.
955 2225 1030 2300 τινὲς
1050 2225 1081 2288 δὲ
1105 2227 1158 2300 ἔξω
1182 2231 1237 2288 τοῦ

149 2352 166 2388 ν
182 2329 225 2407 βώ
241 2329 291 2394 καὶ
308 2326 423 2410 μήποτε
439 2336 588 2405 πιθανῶς,
612 2330 679 2394 ἀντὶ
697 2336 751 2392 τοῦ
771 2326 839 2410 βόα,
862 2333 912 2392 nbi
929 2325 1020 2394 schol.
1038 2333 1071 2391 V.
1092 2351 1146 2410 pro
1164 2327 1238 2404 τινὲς

150 2433 309 2496 Herodiaui
334 2455 441 2496 nomen
463 2436 627 2516 inculcasse
644 2437 787 2496 Lentzius
808 2457 836 2514 p.
854 2437 956 2496 cxlx
980 2433 1095 2494 censuit
1120 2434 1160 2510 (v.
1180 2435 1237 2492 Lo-

150 2537 228 2614 bcck.
259 2539 342 2615 path.
367 2538 403 2596 el.
425 2540 450 2598 I.
473 2558 502 2615 p.
520 2544 591 2599 256.
623 2540 664 2598 Il.
688 2561 716 2616 p.
735 2539 816 2616 108).
867 2539 974 2598 Nescio
1001 2557 1040 2596 an
1067 2557 1127 2596 non
1157 2541 1237 2596 recte

150 2639 320 2701 Herodiano
338 2640 440 2700 cadem
457 2641 616 2718 explicatio
631 2642 808 2713 vindicetur,
829 2641 878 2720 qui
894 2639 1033 2700 Aeolismi
1048 2638 1144 2703 favori
1161 2638 1236 2698 veli·

151 2741 251 2802 ficatus
269 2747 316 2802 est
338 2742 514 2820 scripturam
531 2741 593 2820 βών
611 2744 797 2822 praefereus;
822 2743 919 2822 potuit
937 2743 1017 2803 enim
1035 2739 1099 2816 βών
1115 2739 1237 2800 Aeolica

151 2861 202 2922 pro
224 2839 326 2920 βόα(ν)
354 2846 465 2906 habere
494 2845 571 2906 sicut
592 2846 670 2924 χρών
691 2865 737 2925 ap.
761 2846 788 2904 8.
812 2846 849 2904 fr.
869 2851 896 2918 2,
920 2851 956 2904 10
983 2845 1021 2904 ab
1043 2843 1193 2902 Ahrensio
1212 2844 1236 2901 Ι.

152 2963 179 3026 p.
197 2951 255 3008 113
278 2946 460 3022 restitutum,
482 2966 501 3006 a
519 2948 646 3022 Bergkio
670 2947 788 3026 quidem
806 2948 994 3026 repudiatum
1015 2963 1069 3024 pro
1086 2938 1159 3022 χρόα
1175 2945 1237 3004 Hc-

151 3048 257 3110 marico
277 3055 308 3108 et
324 3049 426 3108 Attico
445 3055 544 3110 exstat
562 3051 611 3128 (cf.
633 3049 748 3108 πείθων
763 3069 817 3127 pro
833 3042 999 3108 ursc6a=
1011 3039 1120 3116 πειθώ,
1144 3044 1239 3111 οἷ’δων

151 3169 202 3226 pro
230 3144 319 3211 aiddu
334 3177 378 3202 ==
392 3144 490 3228 aldai).
534 3153 690 3212 Nostrates
719 3159 818 3212 autem
844 3152 970 3212 lormam
1000 3146 1062 3224 βών
1089 3149 1238 3228 duplicem

152 3254 383 3317 contractionem
395 3272 511 3332 passam
524 3273 587 3313 esse
603 3257 783 3314 statuerunt:
807 3254 935 3330 primum
952 3250 1054 3328 βοείην
1069 3259 1238 3328 correptum

150 3353 182 3414 in
202 3351 295 3432 βοέην
317 3354 416 3432 (pellis
430 3355 564 3428 taurina,
596 3376 623 3412 v.
642 3360 669 3414 2.
690 3360 756 3416 142.
781 3347 864 3430 βόεια
885 3357 920 3412 Δ.
941 3360 1008 3413 122.
1033 3351 1134 3430 βοείας
1151 3347 1238 3410 ἀσπί-

152 3452 205 3526 δας
222 3458 258 3516 Ε.
272 3455 375 3538 452Ι3.
402 3458 445 3516 Μ.
459 3455 561 3536 lassu.
585 3455 684 3532 βοείας
702 3477 755 3536 pro
775 3459 866 3534 subet.
891 3459 1011 3514 Δ.162.
1036 3456 1065 3512 Ρ.
1080 3460 1152 3514 889.
1166 3461 1237 3514 492.

153 3557 188 3616 Σ.
202 3564 273 3620 582.
299 3559 335 3618 Χ.
354 3563 411 3618 159
429 3559 498 3636 etc.)
520 3559 551 3618 in
569 3556 654 3635 βοῇν,
677 3565 740 3620 tum
757 3560 859 3626 Icnice
882 3578 918 3634 οη
937 3558 968 3618 in
985 3578 1008 3616 ω
1030 3557 1183 3630 transisse,
1207 3562 1241 3617 ut

153 3665 197 3720 cst
218 3661 251 3719 in
281 3651 451 3740 ἀγνώσασκε
471 3673 504 3736 ψ.
524 3666 573 3720 85.
602 3655 774 3740 ὀγδώκοντα
799 3661 831 3720 Β.
848 3664 919 3720 652.
950 3651 1078 3736 βώσαντι
1103 3657 1148 3718 Μ.
1168 3661 1239 3718 337.

154 3754 338 3838 ἐπιβώσομαι
368 3784 394 3823 α.
414 3767 474 3822 378
503 3759 606 3840 (idaiae
629 3785 657 3824 v.
680 3766 809 3824 Reuuer.
826 3764 850 3820 I.
873 3767 899 3820 1.
923 3781 950 3838 p.
970 3760 1041 3836 184)
1064 3758 1179 3835 βοοθεῖν
1199 3761 1240 3838 (v.

154 3863 304 3924 Grasshot
321 3866 352 3924 in
363 3865 445 3925 Diar.
456 3870 527 3925 Aut.
545 3866 620 3927 stud.
637 3886 666 3942 p.
681 3871 751 3924 586.
767 3865 886 3942 (1831).
906 3865 997 3927 Bekk.
1014 3863 1105 3927 cabad
1115 3864 1203 3926 Hom.
1217 3865 1241 3922 l.

154 3984 182 4042 p.
196 3967 279 4044 231),
302 3986 378 4050 quae
396 3968 473 4029 ratic
490 3988 506 4028 e
524 3966 646 4029 notione
664 3987 719 4044 per
734 3987 765 4026 se
782 3968 936 4045 probabile
954 3967 1082 4041 uidetur,
1105 3966 1155 4027 sad
1173 3966 1243 4046 quia

154 4067 222 4128 talis
245 4069 409 4131 contractio
429 4070 517 4130 certis
535 4068 679 4147 exemplis
703 4075 783 4130 uarat
805 4069 955 4135 reicienda
973 4078 1033 4138 est;
1062 4067 1163 4150 itaque
1182 4087 1243 4130 non

157 4167 359 4180 -—-——--..

155 4215 240 4262 vassa,
267 4205 450 4254 lancinationes
468 4221 498 4263 υς
515 4221 542 4254 ον
567 4203 599 4250 ab
621 4203 691 4252 initio
715 4217 813 4264 semper
838 4205 924 4264 longas
947 4204 1036 4264 hrisss3
1062 4217 1121 4262 ougo
1139 4197 1245 4268 decus<

156 4283 185 4336 Β.
198 4289 249 4336 882
269 4291 370 4352 forsitan
389 4295 455 4342 recte
474 4305 500 4340 ss
518 4289 592 4338 habat
610 4289 723 4352 quamvis
740 4289 765 4336 iu
783 4294 854 4350 parte
872 4291 1047 4344 recentissima

994 4370 1041 4433 618
