3092 4996
685 499 726 565 73

432 722 457 802 5.
482 729 509 782 9.
554 725 605 783 De
626 723 823 784 vocalibus
845 724 977 802 longis.

246 861 271 918 L
308 863 405 937 o'spro
427 881 455 938 η.

247 963 277 1020 A
298 965 489 1039 productum.
502 962 679 1042 antiquioris
705 963 829 1039 originis
856 964 935 1040 apud
962 964 1056 1024 Dorus
1082 967 1113 1023 et
1139 963 1246 1023 Aeoles

164 1068 336 1125 constanter
355 1065 547 1139 retinebatur,
569 1067 647 1143 apud
667 1068 756 1126 Iones
777 1085 848 1129 vero
870 1065 1003 1146 aliosque
1026 1065 1152 1126 Graecos
1173 1065 1205 1126 in
1226 1085 1246 1141 q

164 1167 341 1228 mutabatur.
384 1167 442 1227 Sed
456 1168 616 1230 videndum
638 1173 684 1228 est
704 1189 763 1249 quo
778 1173 910 1246 tempore
926 1170 999 1228 haec
1017 1169 1197 1230 consuetudo
1213 1168 1247 1226 in

163 1268 265 1328 Ionica
287 1274 319 1330 et
333 1270 434 1329 Attica
454 1269 579 1331 dialecto
600 1271 633 1330 in
650 1271 747 1332 locum
761 1271 901 1352 antiquae
915 1269 1166 1348 pronuntiationis
1182 1289 1247 1330 suc·

162 1371 291 1434 cesserit.
336 1371 400 1431 Iam
415 1373 574 1432 Homerica
595 1377 693 1434 aetate
713 1373 746 1432 in
767 1375 872 1450 Indeq
895 1393 949 1450 pro
968 1394 987 1430 α
1007 1373 1100 1433 fuisse
1118 1372 1247 1432 carmina

162 1474 231 1532 satis
253 1475 377 1548 docent,
407 1493 585 1554 quamquam
607 1475 768 1536 nonnullae
788 1476 900 1536 formae
928 1478 985 1536 hoc
1006 1476 1095 1536 etiam
1122 1493 1192 1551 prae
1214 1493 1247 1534 se

162 1574 262 1636 ferunt
291 1596 367 1656 qnae
399 1595 437 1637 ne
464 1581 575 1638 munere
602 1579 638 1637 ad
666 1579 817 1640 Aeolicam
845 1577 895 1639 vel
922 1578 1060 1639 Doricam
1089 1576 1246 1638 dialectum

162 1676 333 1753 relegentur
362 1700 437 1758 opus
466 1685 510 1740 est
540 1683 690 1752 cautione;
720 1682 771 1742 sed
800 1683 831 1740 in
858 1681 959 1742 Attica
985 1686 1086 1742 vetere
1112 1679 1245 1753 dialecto,

162 1781 302 1859 quoniam
331 1782 419 1842 etiam
446 1785 524 1859 apud
552 1784 680 1859 magicos
707 1784 866 1846 nonnullae
892 1803 963 1846 vere
991 1783 1121 1844 Atticae.
1134 1783 1247 1843 formae

162 1876 241 1941 ἕκατι
263 1875 381 1954 σ’νναδός
403 1877 496 1961 δαρόν
517 1885 592 1947 aliae
606 1886 754 1962 leguntur,
777 1909 796 1944 α
815 1885 972 1946 recentiori
994 1885 1088 1946 vocali
1111 1904 1130 1961 η
1152 1884 1246 1944 multo
1282 1929 1286 1936 .

162 1985 320 2061 posteriori
334 1991 475 2062 *tempore
490 1987 612 2048 cessisse
629 2006 771 2068 perquam
787 1988 960 2050 verisimile
982 1994 1028 2048 est
1045 1987 1084 2065 (v.
1102 1986 1247 2046 Muellen·

162 2086 236 2161 hoff,
263 2090 406 2150 deutsche
429 2087 555 2150 Alterth.
573 2110 601 2166 p.
618 2090 679 2168 08).
723 2091 828 2168 Itaque
851 2091 1038 2152 statuendum
1060 2094 1105 2150 est
1126 2088 1247 2150 colonos

164 2187 290 2252 Graecos
313 2191 420 2272 quiin
441 2192 530 2252 Asiae
551 2192 723 2270 regionibus
752 2193 906 2253 maritimis
928 2192 1142 2265 constitissent,
1172 2211 1246 2252 nou·

163 2290 230 2352 dum
245 2315 265 2353 α
286 2299 459 2371 aspernatos
481 2314 554 2368 esse,
576 2297 628 2355 ssd
643 2294 854 2373 pedetemptim
871 2295 952 2354 illam
968 2295 1117 2355 ᾱὶίοίοίοοο
1135 2293 1247 2354 vocabu

163 2396 436 2469 pronuntiationem
451 2417 482 2458 se
501 2400 727 2469 conroborasse3
748 2393 838 2478 atque
860 2417 927 2458 oum
942 2403 1095 2474 poetarum
1118 2396 1245 2458 elocutio

164 2515 237 2575 quaa
259 2499 358 2559 estin
381 2500 560 2560 carminibus
578 2500 747 2560 Homericis
767 2499 849 2560 nullo
869 2501 955 2560 modo
978 2505 1042 2560 tota
1063 2519 1102 2559 ex
1125 2497 1248 2559 Aeolica

162 2601 245 2675 poesi
266 2603 444 2678 pependisse
466 2603 597 2679 putanda
618 2603 665 2675 sit,
688 2603 739 2662 ssd
761 2603 825 2662 sine
844 2603 933 2664 dubio
949 2621 1037 2684 quam
1060 2601 1188 2661 maxims
1209 2601 1247 2661 ad

164 2719 226 2761 eam
257 2704 418 2766 dictionem
447 2723 533 2784 quam
562 2704 755 2765 excoluerant
782 2706 958 2784 perantiqua
986 2703 1157 2766 colonorum
1185 2722 1246 2764 car·

163 2805 241 2866 mina
262 2806 313 2869 vel
335 2806 490 2868 eGraecia
509 2807 664 2885 deportata
685 2807 734 2869 vel
754 2808 834 2868 inter
855 2807 1046 2884 migrationes
1066 2811 1175 2884 puncta
1196 2806 1246 2867 ad·

162 2907 270 2983 plicata
290 2910 339 2984 sit,
361 2910 431 2970 huic
447 2909 625 2989 antiquioris
639 2909 763 2970 Ionismi
786 2910 875 2972 statui
898 2930 937 2970 ex
952 2910 1084 2970 Homero
1104 2908 1248 2970 nonnulla

163 3008 231 3072 licet
252 3011 404 3074 vindicare
426 3011 475 3090 (cf.
493 3011 544 3072 alt.
563 3012 660 3090 part).

246 3115 316 3176 Huc
337 3114 433 3174 refero
467 3114 495 3191 1)
517 3133 621 3174 vocem
648 3108 706 3174 0εᾶ
734 3135 810 3196 quae
837 3115 1004 3177 sexcenties
1030 3116 1191 3177 obousrens
1212 3116 1246 3175 in

164 3217 299 3278 omuibus
315 3215 534 3277 inclinamentis
553 3218 705 3297 antiquam
721 3218 853 3279 vocalem
872 3219 1019 3278 mordicus
1033 3219 1177 3290 servavit;
1200 3222 1246 3279 est

162 3317 274 3380 scilicet
301 3319 418 3397 poetica
440 3337 538 3398 neque
561 3339 692 3401 uuquam
717 3320 750 3379 in
775 3321 905 3397 pedestri
935 3341 1070 3382 sermone
1097 3320 1246 3397 reperitur

163 3421 214 3497 qui
232 3441 351 3500 semper
372 3411 393 3497 ἡ
413 3413 486 3490 θεός
508 3421 652 3496 adhibuit,

249 3523 281 3602 2)
304 3524 426 3584 nomina
446 3525 568 3602 propria
583 3521 705 3595 Αἰνείας
725 3520 847 3602 (Αἰνέας
864 3525 903 3584 Ν.
918 3526 992 3603 041)
1012 3515 1148 3606 Ἑρμείας
1171 3515 1246 3605 (Ἐρ-

164 3619 233 3696 μίας
255 3627 292 3687 Ε.
307 3627 381 3706 390)
405 3627 595 3705 quodetiam
621 3629 700 3706 apud
721 3629 851 3688 Arcades
881 3628 965 3707 (Δία.
982 3631 1007 3689 1.
1029 3647 1057 3706 p.
1073 3627 1147 3706 232)
1176 3628 1246 3688 bae·

164 3733 248 3804 serat,
271 3719 401 3806 Αὐγείας
423 3731 475 3806 (Α.
494 3729 567 3810 700)
593 3721 764 3801 Ναυσικάα,

248 3831 279 3908 3)
301 3847 400 3890 ναυσι-
421 3831 471 3892 vel
492 3852 560 3890 ναυ-
583 3833 708 3893 formam
735 3833 783 3893 cni
804 3832 926 3910 longum
954 3853 973 3890 α
997 3833 1077 3893 inest
1104 3833 1146 3910 (v.
1165 3834 1245 3895 dunt.

164 3929 221 3992 llrl.
238 3954 266 4011 p.
281 3938 330 3996 51.
351 3935 465 3995 Hartel.
483 3955 511 4011 p.
525 3937 608 4013 463),
626 3935 834 4011 inconpositis
850 3954 938 4012 saepe
952 3934 1098 4009 usitatam,
1118 3951 1172 4013 pro
1187 3954 1247 4015 que

163 4030 292 4096 Ionicum
315 4033 401 4112 νηυσί
427 4037 515 4098 facile
537 4037 684 4118 quispiam
705 4041 860 4114 exspectat
880 4037 921 4115 (v.
939 4037 1050 4097 Herod.
1072 4039 1124 4118 qui
1147 4039 1246 4098 Attica

167 4135 248 4198 ναυσὶ
282 4141 385 4200 Ionica
417 4138 505 4217 νηυσί
538 4139 659 4200 Aeolica
692 4133 790 4198 νάεσσι
823 4141 949 4202 conlatis
982 4161 1012 4200 π.
1047 4133 1172 4219 ὀρθογρ.
1203 4141 1244 4200 ΙΙ.

165 4255 191 4312 p.
209 4245 277 4316 558,
300 4247 337 4302 13
360 4243 402 4303 sic
424 4244 537 4321 pergit:
566 4240 595 4300 τί
617 4227 687 4312 οὖας
719 4234 775 4300 οὖν
803 4232 882 4302 οίὸεν
901 4235 1037 4323 ’Όμηρος
1064 4236 1120 4320 τήν
1142 4241 1244 4316 ναυσί,Ι

165 4340 221 4416 ναί,
248 4341 279 4404 ἐν
294 4341 433 4406 σονθίσει
448 4337 545 4426 ὥςπερ
559 4341 738 4418 Ναυσίθοος
751 4339 802 4404 aul
823 4342 1043 4423 ναυσίαίατος).Ι
1067 4343 1247 4419 Ναυσίθοος
