3114 4994
682 491 745 556 145

167 653 268 708 autem
288 661 327 706 ox
348 642 473 706 Aeolide
495 651 610 706 tanturn
632 665 781 725 apocopae
809 666 871 706 non
893 643 1027 706 elisionis
1050 648 1187 727 exempla
1207 649 1255 708 in·

168 753 343 822 notuerunt,
375 767 464 828 quam
493 735 660 808 Ahrens'ius
689 749 745 808 soli
774 749 938 826 Delphicae
967 749 1095 810 dioleoto
1125 751 1257 811 adseruit

167 873 197 913 v.
213 851 254 910 11.
278 873 307 929 p.
322 848 426 931 acilo.
442 855 513 910 410.
532 855 603 910 411.
626 851 663 911 de
685 851 762 910 mist.
785 872 814 929 p.
831 852 884 924 783
908 852 959 910 sed
975 858 1078 912 contra
1099 853 1254 930 disputant

166 953 257 1012 Pater
271 953 308 1012 de
323 952 392 1012 dial.
409 951 495 1010 Pind.
511 973 540 1030 p.
554 957 581 1010 6.
596 957 627 1012 et
639 953 806 1027 Herzogius
821 953 854 1011 in
870 952 891 1012 l.
906 954 939 1012 in
950 953 1027 1012 Add.
1041 953 1120 1014 land.
1139 974 1169 1032 p.
1185 956 1254 1014 173.

255 1055 286 1133 2)
309 1056 409 1114 Pauca
425 1055 514 1114 otiam
536 1055 814 1132 de'praepositione
836 1045 894 1118 τίνα
909 1055 1057 1116 adnotabo
1078 1076 1154 1136 quae
1176 1057 1256 1134 apud

168 1156 331 1216 Aeolonsos
361 1161 425 1216 orat
453 1149 488 1214 ὄν
514 1156 564 1218 vel
590 1161 660 1215 onte
686 1156 810 1215 labialcs
838 1161 869 1216 et
896 1157 1050 1218 sibilantes
1080 1151 1097 1217 d
1126 1156 1212 1234 (Ahr.
1229 1159 1255 1217 1.

168 1281 197 1338 p.
219 1261 300 1336 149).
344 1258 689 1319 Huiusmodl.Aeclicam
711 1277 863 1336 apocopen
878 1265 950 1336 puto
974 1279 1037 1320 esso
1058 1259 1091 1318 in
1107 1251 1258 1337 οί-νερύειν

168 1381 222 1439 pro
246 1353 432 1439 d(o)Fspv‘sw
454 1361 502 1438 (cf.
523 1354 730 1437 cucusum,
762 1358 788 1437 5.
806 1365 835 1418 3.
858 1361 883 1419 Ι.
903 1360 935 1437 2)
958 1362 1029 1441 quic
1049 1383 1111 1423 vox
1138 1362 1258 1422 aliunde

169 1462 293 1523 Aeolica
321 1467 381 1535 est;
412 1463 463 1521 sed
486 1462 565 1541 quod
590 1462 641 1522 hic
667 1483 686 1520 α
714 1481 774 1520 non
802 1462 835 1521 in
862 1482 878 1521 ο
901 1463 1077 1522 offuscatum
1105 1469 1165 1536 est,
1195 1483 1269 1535 eam,

169 1567 262 1625 fuisse
284 1583 402 1626 causam
424 1565 510 1623 credo
533 1565 613 1644 quod
635 1585 654 1621 α
676 1563 776 1623 statim
807 1583 873 1624 oum
895 1565 1042 1639 digammo
1065 1566 1197 1625 emollito
1224 1566 1259 1625 in

169 1669 389 1746 diphthongum
410 1665 528 1739 coaluit,
555 1685 630 1746 quae
652 1681 700 1725 res
722 1666 813 1726 etiam
833 1665 864 1724 in
888 1667 1020 1726 eiusdem
1042 1664 1144 1747 stirpis
1166 1669 1258 1729 verbo

171 1762 308 1847 ἀπούρας
323 1788 472 1848 apocopae
486 1769 690 1844 inpedimento
712 1767 805 1826 fuisse
826 1767 953 1828 ridetur.
998 1770 1109 1828 Tamen
1131 1772 1203 1830 satis
1225 1772 1259 1831 in

170 1873 265 1932 adeam
287 1873 389 1931 datum
415 1875 462 1930 est
487 1870 547 1929 tale
570 1871 606 1929 de
633 1889 740 1932 vocum
761 1869 913 1929 Aeolismo
934 1870 1079 1929 iudicium
1101 1872 1160 1932 nisi
1183 1873 1258 1932 aliae

170 1974 369 2052 proprietates
394 1973 543 2033 adeedunt
564 1972 671 2051 quihus
700 1971 885 2030 defendatur.
929 1971 1097 2032 Zenodotus
1118 1973 1260 2034 videlicet

170 2096 225 2154 pro
254 2075 454 2135 Aristarchcis
483 2074 662 2134 lectionibus
694 2064 841 2148 ι’ίνστησον
858 2064 1029 2149 ,ἀνστήσων
1059 2066 1260 2159 ἀνστήσεσθαι

172 2180 214 2257 (v.
240 2178 309 2236 Did.
340 2178 377 2236 ad
401 2177 506 2241 K.32.
532 2177 590 2236 176
611 2179 666 2234 etc.
696 2193 743 2252 ap.
770 2174 913 2234 Schmidt.
941 2194 970 2251 p.
991 2175 1078 2254 139),
1108 2177 1133 2235 si
1162 2177 1260 2238 minus

170 2273 318 2356 ὀίσστησον
340 2272 496 2354 doctricem
519 2271 728 2353 ἇσστησεσθαι,
752 2276 822 2356 quio
838 2265 948 2354 duplex
966 2293 984 2335 σ
1005 2283 1074 2338 ante
1097 2297 1258 2339 consonam

170 2383 301 2462 positum
321 2382 500 2441 Graecorum
522 2379 762 2458 pronuntiationi
783 2397 845 2438 non
868 2379 1008 2440 convenit
1029 2385 1150 2456 praeter
1163 2381 1259 2440 Doroa

173 2484 259 2562 (nur.
272 2485 315 2543 11.
329 2505 358 2561 p.
373 2488 442 2542 100.
465 2482 574 2542 const.
589 2501 616 2558 p.
633 2481 714 2557 144),
738 2486 769 2539 at
784 2486 863 2540 certe
879 2471 1007 2556 ίσιησον
1021 2473 1158 2559 ἀμήσων
1173 2475 1260 2559 ἀστή-

173 2572 281 2644 σεσθαι
304 2582 426 2660 (formas
449 2584 581 2658 conlegit
603 2603 704 2644 omnes
727 2583 891 2642 Larochius
913 2601 941 2658 p.
961 2580 1066 2666 394l5)
1091 2579 1259 2660 scripserat,

172 2689 210 2746 de
233 2705 292 2767 qua
311 2707 345 2747 re
365 2687 491 2761 legimus
513 2687 550 2744 ud
571 2687 605 2745 B.
622 2691 683 2744 694
705 2685 894 2744 Aristonicea
914 2686 1008 2746 rerba
1030 2685 1101 2744 satis
1121 2692 1261 2763 corrupta

174 2794 205 2849 et
218 2790 374 2850 lacunosa:
396 2779 417 2867 ἦ
435 2785 524 2864 διπλῆ
540 2783 769 2866 περιεστιγμένη,
794 2779 839 2845 ὅτι
858 2780 1028 2862 Ζηνόδοτος
1042 2779 1151 2866 γράφει
1167 2783 1260 2860 „doo-

173 2885 324 2950 τοίσασθαι
345 2887 479 2966 ίμελλενί*
502 2880 552 2948 doci
574 2889 628 2948 τοῦ
643 2885 953 2966 κατατροηγοομένως
968 2880 1055 2967 λόγον
1073 2885 1258 2963 αίολίζοντος,

173 2985 238 3053 ἀλλ’
270 2984 337 3070 cdxl
367 2990 500 3060 σπανίως
532 2982 570 3050 δι’
602 2983 762 3062 εὐφωνίαν.
805 2981 876 3048 οὐδὲ
909 2987 940 3049 oi
965 2986 1082 3060 Αἰολεῖς
1115 2985 1147 3049 δὲ
1180 2983 1259 3052 οὕτω

172 3091 316 3175 λέγουσιν.
359 3094 525 3154 Nemodum
546 3113 617 3155 vero
634 3113 736 3153 corum
752 3092 961 3152 obscuritatem
982 3092 1070 3170 plane
1091 3093 1258 3169 expedivit;

174 3196 396 3256 emendationes
417 3195 511 3270 igitur
532 3199 691 3272 temptatas
712 3195 822 3256 videsis
848 3193 926 3270 apud
947 3193 1108 3254 Duentrer.
1132 3196 1168 3253 de
1190 3196 1259 3254 Zeu.

174 3297 251 3358 stud.
273 3315 302 3374 p.
320 3304 370 3357 60.
392 3317 421 3357 n.
439 3297 488 3356 37.
517 3303 548 3356 ct
575 3298 653 3374 apud
675 3296 894 3356 Friedlaender.
917 3298 1050 3356 Ariston.
1072 3317 1101 3373 p.
1121 3299 1179 3376 76,
1208 3294 1259 3356 ubi

172 3400 317 3460 Lehrsius
339 3377 411 3458 ante
431 3391 618 3474 ἐνστήσασθαι
640 3399 718 3478 quod
733 3397 885 3456 Behherus
906 3398 1033 3457 coniecit
1054 3419 1071 3456 c
1094 3398 1261 3476 corruptela

174 3501 264 3562 etiam
287 3493 358 3558 doto
379 3501 433 3559 τοῦ
455 3519 472 3558 ν
490 3501 636 3562 elicienda
650 3506 739 3579 atquo
753 3508 821 3578 post
842 3493 901 3558 ἀλλ’
931 3491 995 3576 οὐχί
1009 3500 1102 3561 νοτίοιο
1115 3492 1260 3576 Ὅμηρος,

173 3601 201 3662 εί
221 3597 262 3680 μη
283 3602 419 3661 addenda
435 3603 592 3679 proposuit
614 3603 688 3680 (scil.
710 3595 743 3661 cd
765 3593 783 3651 3⁹
806 3599 955 3678 ίλλείιιει);
977 3600 1026 3659 vol
1047 3601 1173 3658 fortasse
1192 3606 1261 3676 post

173 3696 225 3764 dod
247 3705 300 3763 τοῦ
319 3703 537 3764 interciderunt
558 3706 650 3764 verbo
678 3699 863 3779 ἐλλείμματος
891 3703 945 3761 τοῦ
971 3696 990 3760 ν
1019 3701 1073 3760 τοῦ
1095 3700 1257 3772 similiave;

175 3806 225 3865 aed
249 3801 382 3876 αἰολίζειν
404 3810 450 3865 est
470 3804 592 3865 Aeolica
613 3805 705 3884 loqui,
729 3825 787 3865 non
803 3805 960 3864 Aeolicum¹
979 3803 1102 3863 reddere
1109 3825 1116 3875 ;
1138 3802 1260 3860 minime

174 3907 312 3987 equidem
343 3906 533 3966 difficultates
562 3907 724 3967 dissolvere
755 3907 830 3967 mihi
859 3906 971 3968 videor.
1023 3905 1060 3963 In
1092 3904 1140 3964 his
1169 3904 1261 3978 igitur
1383 3909 1386 3916 '

173 4007 293 4082 formis,
322 4027 395 4088 quas
416 4008 608 4068 Aristarchus
631 4029 691 4068 uon
718 4015 779 4068 tam
801 4009 889 4068 nimis
912 4027 1028 4080 severe,
1059 4007 1138 4094 quod
1159 4006 1261 4064 Ducu-

172 4115 273 4170 tnorus
289 4109 373 4184 dixit,
397 4129 485 4189 quam
499 4115 581 4170 recto
601 4110 712 4168 iudicio
733 4130 804 4170 usus
823 4111 893 4190 quic
912 4129 1071 4169 concursus
1093 4109 1261 4168 litterarum

173 4224 223 4287 νσ,
253 4213 286 4272 in
308 4212 414 4278 modiis
443 4231 513 4272 sone
535 4212 658 4274 vocibus
685 4211 783 4272 minus
804 4211 983 4285 tolerabilis,
1014 4210 1047 4269 in
1070 4210 1262 4270 commissura

174 4311 389 4391 conpositionis
419 4315 542 4376 duarum
571 4312 700 4391 partium
729 4333 789 4373 non
818 4331 939 4392 prorsus
961 4314 1171 4391 spernebatur,
1203 4312 1263 4371 nisi

947 4467 955 4476 .
1019 4421 1055 4474 10
