3092 5002
786 417 827 482 60

234 578 242 584 ’
263 575 366 652 stirpis
387 575 481 634 alteru
494 575 591 633 forma
604 575 804 634 additamento
820 573 947 653 quodam
970 572 1354 650 (‚‚Wurzeldeterminativ“

263 676 389 736 aaut
410 679 447 736 et.
463 695 492 752 p.
506 681 641 750 60—-66,
663 696 767 736 comm.
783 694 859 756 quae
873 675 1062 734 inscribitur:
1083 694 1137 734 zur
1152 674 1352 750 chronologia

265 779 317 837 der
330 778 492 854 indegerm.
508 777 791 854 Sprachforschung‚
812 778 845 835 in
860 781 915 837 aet.
931 797 989 837 soc.
1004 777 1095 837 litter.
1110 775 1219 836 Saxon.
1238 775 1297 837 vol.
1313 777 1352 835 V.

263 877 373 959 (1867)
393 899 423 956 p.
440 881 620 958 206-211)
637 880 815 956 amplificata
829 880 969 955 adpareat
982 879 1016 938 in
1029 879 1130 940 verbis
1143 877 1239 955 pat-je
1256 876 1353 954 (herr-

263 981 346 1058 sohe)
367 981 466 1057 pat-ni
488 980 626 1060 (Herrin)
654 985 745 1060 etque
765 984 886 1057 pot-ens
908 981 1066 1060 compo(t)s
1086 980 1191 1058 potiri,
1222 980 1296 1039 adeo
1317 979 1353 1037 in

261 1082 328 1159 ipsa
350 1081 516 1144 Graedtate
537 1084 570 1142 in
592 1075 752 1158 δεσπόι-ης
773 1075 874 1152 πόσις
896 1083 1054 1160 conspicua
1080 1084 1120 1142 sit
1147 1082 1187 1160 (v.
1210 1083 1290 1142 Ourt.
1312 1085 1354 1142 et.

263 1204 292 1261 p.
305 1183 390 1260 265),
411 1185 656 1264 necquicquam,
680 1185 775 1256 oredo,
798 1186 897 1244 obstat
918 1186 1078 1264 quominus
1090 1184 1209 1244 Aeolidi
1229 1184 1354 1261 stirpem

263 1305 335 1346 παι-
356 1285 448 1346 fuisse
469 1285 609 1346 usitatam
632 1287 833 1360 concedamus,
856 1306 932 1366 quae
953 1306 1024 1346 suna
1044 1288 1227 1363 segreganda
1247 1291 1294 1346 est
1313 1286 1353 1344 ab

263 1387 358 1447 altera
380 1387 491 1447 Graeca
511 1386 610 1447 radice
631 1407 707 1444 πασ-
729 1387 814 1448 verbi
844 1389 996 1464 ιιατὲομαι
1015 1389 1065 1450 val
1087 1404 1166 1447 αασ-
1186 1388 1353 1465 praesentis

263 1481 432 1549 edoceam
447 1489 612 1566 (Hesycb.),
632 1509 662 1550 v.
679 1489 819 1550 Leskien.
834 1489 867 1549 in
881 1491 961 1550 (lurt.
977 1491 1060 1552 Stud.
1076 1491 1118 1551 II.
1133 1511 1162 1568 p.
1179 1494 1248 1549 121.
1270 1489 1352 1548 (tort.

265 1591 301 1650 dc
323 1592 404 1651 verb.
427 1612 457 1669 p.
473 1595 549 1662 315;
579 1582 747 1668 (πάσασθαι
760 1618 803 1642 =
816 1585 984 1668 κτήσασθαι
1004 1593 1036 1651 in
1057 1592 1142 1652 libris
1163 1591 1313 1651 interdum
1335 1605 1356 1647 σ

265 1693 376 1770 duplici
391 1693 534 1770 seriptum
549 1698 602 1766 est,
624 1692 741 1766 vitiose,
762 1698 797 1753 ut
811 1693 889 1754 dixit
902 1695 1038 1754 Dindorf.
1052 1694 1085 1754 in
1100 1695 1240 1753 Thesaur.
1254 1713 1283 1753 v.
1299 1693 1355 1752 vi.

264 1816 293 1871 p.
307 1795 390 1873 642).
434 1796 541 1875 Itaque
563 1814 623 1853 uu:
636 1815 695 1852 παι
718 1796 852 1855 conferas
874 1814 940 1855 cum
961 1797 1107 1873 djuzdjut
1127 1796 1158 1855 di
1170 1819 1177 1856 :
1189 1795 1239 1872 dip
1259 1795 1356 1873 (Ourt.

263 1917 293 1974 p.
306 1903 377 1956 222.
396 1898 448 1976 68)
464 1887 522 1959 ciii:
533 1891 592 1956 αἰὕα
605 1916 765 1956 eumcum
779 1917 839 1955 uc:
851 1901 918 1956 ιιαθ
932 1898 973 1975 (v.
988 1899 1066 1958 Ourt.
1083 1900 1119 1957 de
1132 1900 1224 1959 verbo
1239 1917 1268 1974 p.
1281 1898 1353 1956 273.

266 2005 338 2060 282.
361 2005 392 2060 et
408 2020 437 2077 p.
456 2001 519 2077 64),
541 2019 633 2080 quare
650 1991 781 2075 πάμμων
797 2019 813 2059 a
828 1993 965 2076 πάι-μων
985 2000 1126 2060 facillime
1148 1999 1230 2060 nasei
1244 1998 1352 2076 potuit,

266 2101 317 2178 (of.
336 2095 493 2181 κόμμσρσς
513 2123 568 2180 pro
591 2094 756 2181 κάσμσρσς,
778 2123 807 2162 v.
824 2103 954 2162 Lobeck.
974 2104 1055 2179 path.
1074 2104 1098 2160 I.
1120 2122 1150 2178 p.
1167 2101 1250 2179 362).
1292 2102 1354 2160 Ne-

265 2225 323 2287 que
346 2206 425 2286 quod
448 2204 543 2264 solum
565 2224 632 2264 cum
653 2204 835 2281 spirantibus
856 2205 988 2284 liquidae
1005 2208 1214 2265 concurrentes
1234 2203 1356 2264 adurni·

265 2308 408 2369 lationem
421 2325 525 2384 passae
541 2312 618 2380 sunt,
632 2307 664 2366 id
678 2307 761 2366 illam
773 2307 987 2368 derivationem
1002 2326 1113 2366 cassam
1127 2306 1234 2366 reddit
1263 2305 1354 2364 Haud

265 2411 358 2486 igitur
378 2427 445 2470 raro
464 2428 481 2466 τ
501 2408 591 2467 finale
612 2409 645 2467 in
666 2425 684 2467 σ
705 2414 851 2469 mutatum
873 2413 932 2482 est,
962 2409 999 2468 ef.
1019 2400 1177 2482 decede-nc
1198 2414 1229 2468 et
1250 2401 1354 2476 πόσις

265 2512 338 2585 alia,
368 2513 404 2572 de
426 2529 485 2591 qua
505 2529 539 2569 re
561 2511 680 2571 Curtius
701 2511 734 2570 in
753 2511 836 2570 Stud.
851 2530 880 2570 u.
896 2512 937 2570 Π.
960 2531 990 2586 p.
1005 2510 1062 2569 171
1086 2510 1264 2587 disputavit:
1292 2511 1357 2591 ‘dar

265 2612 436 2674 Austausch
457 2612 607 2672 zwischen
621 2612 657 2670 T·
679 2614 741 2672 und
755 2613 953 2672 S·Stiimmen
971 2612 1045 2688 liegt
1064 2615 1095 2688 ja
1116 2613 1192 2671 auch
1212 2613 1261 2672 bei
1277 2612 1353 2670 eini-

266 2733 326 2790 gen
347 2713 503 2775 neumalen
518 2713 668 2773 Stiimmen
682 2734 752 2774 vor:
773 2733 860 2790 τεραι
873 2715 936 2773 und
949 2731 1044 2792 τερας,
1065 2733 1154 2793 capue
1168 2715 1229 2774 und
1242 2709 1351 2792 repud,

267 2816 386 2894 egregie
408 2815 573 2892 explanans
593 2815 745 2892 vulgarem
771 2815 997 2893 productionem
1018 2815 1230 2893 suppletoriam
1255 2816 1354 2876 solum

267 2919 405 2980 consonis
421 2917 577 2992 continuis,
599 2938 660 2977 non
675 2917 839 2995 explosivis
859 2917 961 2978 eiectis
975 2918 1083 2978 factam
1098 2937 1162 2978 esse
1181 2919 1221 2996 (v.
1237 2919 1350 2978 Eridut.

267 3042 297 3099 p.
309 3020 372 3098 85).
415 3021 473 3081 Sed
486 3021 611 3081 Aeolica
631 3021 773 3080 dialectos
794 3020 851 3080 etsi
872 3017 929 3078 aa
949 3025 1018 3080 ante
1040 3039 1068 3094 μ,
1090 3024 1125 3079 ut
1137 3021 1274 3095 addimus,
1295 3021 1355 3079 mi.-

267 3123 348 3183 nime
362 3125 562 3197 aversabatur,
582 3128 682 3182 tamen
703 3143 769 3183 cum
789 3122 860 3180 Iade
881 3126 913 3182 et
926 3122 1082 3182 Atthidco
1102 3141 1158 3198 pro
1178 3121 1301 3201 antiquo
1321 3128 1353 3182 et

268 3224 417 3287 Dorieon
439 3243 594 3286 commune
614 3226 721 3286 habuit
741 3224 827 3302 (Ahr.
842 3225 867 3283 I.
889 3244 918 3301 p.
936 3224 1004 3299 44);
1031 3223 1132 3303 itaque
1159 3223 1259 3304 aliquo
1286 3224 1357 3283 inre

268 3347 379 3406 ponere
400 3329 540 3386 debemus
554 3318 680 3402 πάτμων
700 3326 789 3388 etiam
802 3325 925 3386 Aeoliae
946 3325 979 3384 in
993 3317 1119 3398 ιισὲσμων
1141 3331 1230 3405 atque
1244 3327 1302 3386 hoc
1319 3327 1353 3385 in

269 3423 401 3506 πάμμαν
428 3447 492 3488 esse
517 3427 826 3505 nansformctum18).
870 3429 978 3486 Moneo
1002 3431 1101 3486 autem
1121 3427 1154 3486 in
1171 3428 1260 3504 plano
1282 3447 1352 3488 uan-

270 3534 337 3592 dem
352 3530 551 3592 coniecturam
572 3532 631 3591 iam
653 3535 722 3592 ante
742 3550 789 3590 me
812 3529 870 3589 alia
890 3529 940 3591 via
957 3530 1157 3604 Bragmanum
1178 3531 1212 3588 in
1231 3531 1354 3590 adcura-

268 3760 324 3803 tura
346 3755 373 3802 in
393 3755 460 3803 banc
482 3767 590 3800 errorem
613 3752 727 3812 delapsos
752 3766 807 3800 esse
831 3749 959 3812 probabile
983 3755 1034 3813 est3
1061 3751 1164 3799 'l'uetres
1187 3751 1219 3798 ad
1240 3751 1353 3811 Lycopb.

270 3857 297 3888 v.
315 3841 365 3890 364
382 3835 514 3902 πεπαμένη
533 3838 663 3898 adscripsit
679 3837 715 3885 sic
726 3849 741 3883 a
752 3837 854 3884 Bacbm.
871 3851 895 3898 p.
910 3837 942 3884 86
960 3837 1118 3886 emundatus:
1137 3831 1200 3899 ep
1217 3833 1359 3900 γραπτέονἼ

271 3924 294 3976 οἱ
311 3921 341 3978 ci
359 3926 530 3989 μεταγραφαῖς
547 3914 595 3974 oria
613 3915 660 3974 οἷδ’
678 3913 855 3980 iteratim:
872 3917 918 3974 δύο
935 3938 975 3986 μμ
987 3914 1121 3987 γράφουσι,
1140 3912 1177 3978 οἷς
1191 3911 1238 3970 οὐκ
1255 3914 1354 3978 εἰδότες

270 4002 310 4061 ὅτι
327 4007 387 4076 δίχα
403 4002 492 4059 τούτου
509 4001 537 4058 τό
556 4023 592 4059 πα
610 4002 706 4072 μακρόν
725 4002 786 4058 ἐστι.

339 4097 383 4156 18)
400 4095 490 4142 Nescio
507 4107 539 4141 an
555 4095 603 4140 hae
614 4093 714 4140 nomina
730 4093 832 4153 propria
848 4093 930 4140 iacere
941 4092 1038 4154 possint
1049 4085 1170 4157 Πάμμων
1187 4106 1235 4153 quo
1253 4087 1289 4142 Ω.
1303 4092 1353 4140 250

270 4180 359 4239 aliquis
374 4179 468 4227 Pmami
485 4193 515 4226 ax
526 4177 629 4228 Hecuba
644 4178 709 4226 filius
727 4177 872 4237 repellatur,
890 4183 963 4238 atquc
977 4177 1180 4224 abHercd.V11.
1197 4192 1219 4225 e.
1233 4178 1281 4224 183
1294 4175 1352 4236 Sey·

270 4265 322 4314 rius
341 4265 439 4325 quidam
451 4268 558 4325 nentur,
575 4259 762 4330 Σαραπάμμων
779 4263 888 4323 quodid.
901 4261 1018 4312 Schmidt.
1036 4261 1093 4310 Did.
1106 4276 1129 4323 p.
1143 4264 1193 4310 318
1211 4262 1308 4310 ePaus.
1321 4260 1353 4308 V.
