3114 4994
813 491 876 557 124

304 670 370 710 cum
386 650 558 708 Hermanno
576 640 714 729 ’asdeqirpc
733 668 761 709 v.
780 647 887 724 Bergk.
907 667 937 723 p.
951 651 1011 704 880
1026 647 1196 707 restitutum
1214 648 1280 726 est).
1324 649 1387 710 Ho-

302 752 428 812 mericae
443 755 546 810 contra
568 769 641 829 quas
663 743 752 826 supra
773 750 859 825 posui
879 751 992 808 formae
1013 767 1031 807 a
1053 749 1145 825 stirpe
1168 748 1245 808 deoc·
1267 751 1301 809 in
1318 771 1387 811 con-

302 859 462 914 tractorum
487 853 606 911 modum
635 853 817 912 descendunt
844 851 921 911 sicut
945 850 978 909 in
999 849 1080 910 Iadis
1106 857 1137 912 et
1157 853 1291 913 Atthidis
1318 873 1389 913 con-

303 955 459 1016 suetudine
486 949 544 1013 dim
573 954 714 1014 declinari
742 953 864 1013 solebat.
908 951 975 1016 Qua
1000 953 1035 1011 in
1056 953 1230 1015 difficultate
1252 955 1389 1035 quamvis

302 1057 380 1116 nihil
402 1076 456 1134 pro
479 1063 560 1116 certo
576 1055 800 1128 adfirmaverim,
822 1055 948 1113 fortasse
970 1054 1087 1131 opinari
1107 1055 1197 1116 liceat
1210 1056 1390 1118 Homeridas

302 1160 451 1219 interdum
473 1160 559 1236 stirpi
581 1158 720 1218 Aeolicae
741 1155 806 1215 δευ-
828 1175 916 1237 quam
938 1156 1108 1232 saepissime
1128 1158 1284 1218 admissam
1306 1159 1390 1220 vide-

302 1267 374 1322 runt
394 1276 448 1337 per
467 1260 572 1321 falsam
587 1260 752 1335 analogiam
766 1262 860 1316 metro
875 1262 1016 1334 poscente
1030 1258 1148 1318 Ionicae
1164 1259 1390 1320 terminationes

303 1365 456 1435 adfixisse;
485 1382 554 1421 nam
576 1366 607 1422 et
627 1362 744 1420 dualem
764 1354 912 1435 δευέσθην
931 1357 1040 1419 &127
1063 1361 1213 1420 socordiae
1230 1363 1390 1422 imitatoris

304 1466 444 1542 inputare
466 1464 548 1524 nullo
562 1465 650 1524 modo
666 1462 778 1522 dubito.
821 1466 922 1542 Atque
936 1461 990 1520 illa
1002 1461 1164 1538 explicatio
1175 1483 1237 1523 non
1248 1465 1337 1525 valde
1354 1467 1390 1524 ab

303 1567 470 1626 Herodiaui
491 1566 600 1626 iudicio
623 1565 713 1624 distat
734 1565 813 1644 quod
834 1583 865 1621 π.
883 1555 928 1621 ’It
946 1584 995 1639 πρ.
1011 1563 1036 1621 Ι.
1058 1585 1086 1640 p.
1099 1569 1170 1640 453,
1188 1571 1228 1624 23
1250 1567 1393 1642 protulit:

280 1661 338 1728 'so'
362 1662 395 1727 δὲ
416 1661 555 1743 ἐδεύησεν
576 1661 631 1726 οὐκ
654 1660 714 1725 ἆπδ
743 1662 969 1745 περισπωμένου
990 1665 1044 1724 τοῦ
1065 1664 1145 1726 δευοῑ
1165 1663 1301 1746 γέγονεν,
1331 1660 1389 1727 ἄλλ’

304 1765 424 1846 ἐδέησέν
446 1767 506 1829 ἐστι
532 1765 584 1828 καὶ
611 1761 825 1836 πλεονάσαντος
850 1768 905 1827 τοῦ
926 1765 944 1826 i
973 1761 1093 1844 ἕδεύησε
1118 1769 1169 1829 rel
1195 1791 1227 1829 π,
1249 1775 1328 1830 παθ.
1345 1773 1388 1834 Π.

303 1891 332 1950 p.
350 1876 422 1948 272,
439 1879 496 1932 26:
528 1863 587 1930 ἆπδ
610 1871 664 1930 τοῦ
686 1868 744 1930 deci
766 1866 861 1946 δεήσω
884 1865 990 1944 ἐδέησα
1014 1867 1114 1947 ἐδέησε
1141 1867 1191 1930 acl
1213 1873 1389 1957 πλεονασμῷ

302 1978 357 2036 τοῦ
377 1974 396 2034 d
417 1969 564 2052 ἐδεύησεν.

447 2162 472 2242 5.
498 2168 546 2222 18.
590 2163 641 2221 De
663 2163 932 2240 coniugatione
952 2162 992 2222 in
1014 2184 1051 2238 με
1073 2167 1244 2222 exeunte.

387 2284 476 2342 Hanc
496 2301 559 2343 rem
581 2283 618 2340 de
632 2301 699 2362 qua
719 2302 799 2342 nunc
814 2282 1014 2362 quaerendum
1036 2285 1083 2340 est
1102 2300 1172 2357 prae
1188 2283 1294 2342 ceteris
1313 2285 1387 2344 sale

302 2387 418 2445 brosam
432 2390 465 2450 et
477 2385 649 2461 inplicatam
664 2403 728 2444 esse
743 2384 837 2444 cuivis
849 2384 900 2462 qui
915 2384 1079 2442 ubertatem
1095 2389 1125 2442 et
1139 2365 1266 2460 speciem
1277 2387 1387 2446 Proteo

300 2490 380 2547 baud
402 2488 573 2547 dissimilem
594 2486 810 2561 coniugationis
826 2485 1002 2545 Homericae
1020 2485 1176 2544 admodum
1197 2487 1324 2547 intuitus
1343 2494 1389 2548 est

300 2590 389 2649 facile
404 2589 540 2648 elucebit.
585 2588 772 2647 Grammatici
786 2607 858 2648 vero
873 2591 989 2647 veteres
1011 2587 1138 2662 plurima
1152 2592 1204 2647 aut
1217 2589 1388 2648 obscuriora

303 2691 340 2750 de
361 2690 470 2769 quibus
491 2709 529 2748 ne
550 2691 637 2748 nobis
659 2691 778 2768 quidem
799 2669 939 2748 indicium
963 2693 1079 2748 constat
1106 2693 1157 2748 aut
1176 2689 1252 2750 falso
1279 2710 1387 2770 aequa·

300 2793 427 2852 bilitatis
456 2792 552 2852 studio
582 2792 712 2851 commoti
740 2797 771 2851 et
796 2792 876 2849 haud
899 2810 966 2849 raro
987 2790 1087 2850 fallaci
1114 2791 1266 2866 analogiae
1289 2793 1387 2870 specie

302 2896 418 2971 decepti
439 2895 519 2954 inter
539 2893 666 2968 vestigia
681 2893 803 2953 Aeolica
823 2897 1062 2966 numeraverunt,
1084 2893 1176 2952 multa
1199 2894 1288 2952 etiam
1310 2914 1386 2976 qnae

302 3016 342 3057 ex
363 2997 488 3056 Aeolide
515 2996 548 3053 in
570 2979 766 3055 elocutionem
788 2995 950 3054 carminum
969 2995 1139 3054 Ionicorum
1164 2995 1331 3055 manavisse
1353 3000 1387 3056 ut

299 3085 360 3174 ipsi
381 3104 543 3158 statuamus
566 3098 669 3158 suadet
688 3099 780 3170 ratio,
801 3102 924 3174 propter
945 3097 1086 3173 caligines
1105 3117 1166 3155 non
1189 3097 1387 3174 dispellendas

301 3199 589 3278 inconstantiamque
604 3199 723 3276 linguae
737 3208 771 3260 ut
790 3199 878 3260 certis
892 3199 1002 3258 finibus
1018 3199 1215 3260 describamus
1237 3219 1298 3258 non
1316 3219 1386 3259 aon·

301 3301 423 3362 ceditur.

385 3405 411 3462 1.
443 3404 489 3462 De
510 3404 610 3463 verbis
632 3423 707 3484 quae
728 3405 861 3464 vocalem
882 3403 1071 3463 thematicam
1091 3403 1266 3480 producunt

388 3507 487 3565 Verba
508 3524 633 3585 quorum
655 3507 745 3582 stirps
766 3507 924 3566 terminata
945 3514 991 3564 est
1010 3505 1043 3564 iu
1064 3504 1205 3579 vocalem,
1226 3510 1262 3566 ut
1281 3512 1386 3583 postea

300 3609 333 3668 in
355 3629 412 3668 usu
433 3613 598 3684 temporum
624 3605 782 3684 progressu
802 3608 895 3685 magis
915 3607 1069 3688 magisque
1096 3606 1215 3668 exculto
1242 3609 1386 3685 disposita

302 3715 375 3770 sunt
391 3711 471 3769 inter
493 3710 565 3768 duas
579 3710 719 3770 flectendi
740 3712 878 3784 rationes,
902 3729 1025 3788 quarum
1047 3701 1140 3768 altera
1160 3709 1192 3767 in
1209 3730 1232 3768 ω
1253 3712 1384 3772 usitatis-

301 3812 376 3872 sima
397 3813 495 3872 estin
516 3812 616 3871 verbis
637 3813 720 3888 puris
735 3812 828 3872 altera
847 3813 879 3871 in
903 3832 936 3886 με
957 3813 992 3870 ad
1009 3829 1103 3887 pauca
1124 3816 1239 3872 tantum
1261 3817 1383 3889 spectat,

300 3914 343 3974 ita
364 3913 570 3993 antiquissima
591 3917 687 3972 aetate
708 3913 827 3990 linguae
843 3914 970 3973 Graecae
991 3914 1024 3972 in
1046 3912 1138 3972 multo
1154 3914 1385 3994 aequabiliorem

300 4017 421 4076 modum
441 4015 583 4076 inclinata
604 4021 681 4075 sunt.
725 4016 844 4076 Scilicet
863 4017 956 4077 verba
977 4034 1053 4095 quae
1075 4021 1225 4076 conmenta
1246 4017 1384 4078 dicuntur

302 4117 371 4176 olim
391 4118 550 4178 verborum
569 4119 602 4176 in
624 4139 657 4193 με
679 4118 916 4193 coniugationem
938 4121 1038 4177 secuta
1059 4121 1141 4191 sunt,
1163 4137 1241 4197 qnae
1261 4137 1384 4178 consue·

301 4220 371 4277 tudo
394 4221 430 4278 ab
451 4218 504 4278 illa
524 4219 621 4296 prisca
642 4225 738 4280 aetate
760 4221 883 4296 sparsim
909 4219 943 4277 in
964 4219 1098 4296 pluribus
1120 4219 1253 4280 dialectis
1277 4221 1383 4295 haesit,

300 4323 364 4379 tota
384 4321 447 4380 fere
469 4321 491 4380 si
508 4341 602 4398 pauca
616 4340 710 4402 eaque
731 4342 791 4383 non
812 4342 932 4399 prorsus
948 4326 1028 4383 certa
1042 4321 1195 4399 exceperis
1211 4322 1244 4382 in
1258 4323 1382 4384 Aeolide
