3092 4996
817 509 838 571 6
885 592 887 597 .

284 664 384 740 potius
407 683 472 724 oum
494 665 618 724 Ionibus
640 666 799 726 cohaerere
827 665 885 724 visi
913 669 983 724 sunt
1009 664 1050 741 (v.
1074 662 1272 722 Schoemanni
1294 660 1370 720 anti·

287 766 359 844 quit.
379 766 480 825 Graec.
498 768 543 825 1³.
566 789 594 844 p.
615 773 666 826 90.
684 787 713 825 n.
731 766 772 842 2),
795 758 938 825 Αἰολικὸν
960 763 1051 834 ἔθνος
1071 764 1246 824 nominavit.
1287 764 1370 832 Quae

289 868 404 946 quidem
432 867 563 942 origines
593 889 631 928 ex
655 868 845 928 Aeolidarum
875 869 1052 942 cognatione
1082 866 1193 944 petitae
1220 865 1277 924 etsi
1302 885 1371 923 nus-

286 989 374 1048 quam
397 970 541 1029 historioa
563 975 660 1029 aetate
675 971 848 1042 valuerunt,
878 975 978 1028 tamen
1000 989 1059 1050 qua
1077 973 1163 1029 erant
1180 967 1285 1026 Graeci
1302 966 1372 1026 reli·

286 1073 375 1146 gione
385 1073 612 1152 fabularumque
624 1072 729 1144 studio,
753 1072 842 1130 etiam
858 1075 894 1130 ab
905 1073 1057 1131 historicis
1066 1073 1078 1110 2
1088 1072 1117 1148 ⁸)
1128 1071 1279 1130 interdum
1290 1074 1371 1128 certo

286 1175 410 1234 consilio
432 1181 613 1251 propagatae
634 1180 702 1232 sunt
724 1180 813 1254 atque
838 1175 981 1248 gliscente
999 1175 1140 1234 Graeciae
1164 1172 1290 1232 interitu
1311 1176 1371 1254 stu·

286 1277 451 1336 diosissime
479 1297 497 1335 a
523 1277 718 1354 scriptoribus
746 1275 904 1352 (Strabone
929 1277 1089 1336 Plutarcho
1114 1275 1273 1354 Pausania)
1304 1295 1372 1353 pro-

288 1381 462 1438 ferebantur
479 1384 509 1437 et
524 1398 543 1437 a
560 1378 730 1440 civitatibus
744 1379 957 1438 adamabantur
974 1379 1022 1455 (cf.
1040 1399 1065 1438 e.
1076 1398 1104 1452 g.
1118 1378 1239 1437 titulum
1250 1379 1372 1450 Magne·

290 1481 367 1539 sium
377 1481 471 1540 altero
484 1501 513 1558 p.
523 1483 553 1541 0.
563 1501 592 1540 n.
606 1480 723 1540 saeculo
738 1482 889 1558 scriptum,
903 1501 927 1540 c.
938 1481 958 1540 i.
969 1481 1003 1540 G.
1013 1483 1055 1540 II.
1068 1501 1096 1540 n.
1108 1485 1200 1553 2910,
1215 1478 1372 1538 Boechhii·

291 1603 348 1662 que
372 1584 439 1642 adn.
463 1605 493 1660 p.
511 1583 604 1660 580.).
648 1585 763 1660 Nempe
788 1589 818 1642 et
841 1604 908 1643 cnm
925 1583 1040 1642 Aeolici
1064 1582 1193 1641 nominis
1214 1603 1271 1640 usu
1295 1580 1373 1661 quod

288 1685 441 1744 historicis
458 1686 642 1762 temporibus
660 1685 692 1743 in
707 1686 828 1744 Asianis
846 1685 940 1745 solum
956 1684 1152 1744 Aeolensibus
1169 1686 1319 1755 haeserat,
1342 1688 1373 1741 et

290 1808 357 1847 oum
378 1788 637 1863 grammaticorum
655 1791 788 1848 veterum
810 1787 1023 1846 consuetudine
1038 1787 1193 1846 Strabonis
1213 1785 1372 1864 adpellatic

286 1896 415 1966 pugnat,
444 1892 478 1950 in
496 1895 681 1969 quaspostea
697 1895 732 1948 ut
753 1891 851 1966 ipsum
869 1890 956 1948 Aeoli
975 1909 1084 1948 nomen
1104 1895 1150 1948 est
1168 1889 1251 1968 quasi
1269 1889 1372 1947 ineno-

286 1993 383 2052 dabile
397 1993 541 2066 aenigma,
559 1997 594 2050 ut
608 1992 686 2051 dixit
700 1992 733 2050 0.
746 1992 917 2065 Muellerus,
938 1992 1075 2050 Orchom.
1090 2014 1119 2069 p.
1135 1995 1214 2063 140,
1233 1991 1373 2051 Aeolicae

286 2095 405 2154 dialecti
428 2094 606 2169 significatio
628 2094 796 2154 vacillabat.

370 2197 470 2256 Etiam
481 2198 688 2272 grammaticos
704 2197 755 2276 qui
767 2201 836 2274 post
846 2197 877 2255 Ο.
890 2215 918 2254 n.
931 2195 967 2254 de
979 2194 1113 2254 dialectis
1124 2199 1258 2269 egerunt,
1277 2195 1373 2254 Theo·

287 2298 391 2358 dorum
414 2301 601 2359 Gadarenum
627 2299 820 2378 Apollonium
843 2297 1004 2374 Dyscolum
1031 2297 1193 2356 Minatium
1216 2299 1374 2357 Irenaeum

287 2401 361 2460 elios
372 2401 422 2480 ²⁹)
440 2422 565 2481 quorum
582 2401 785 2461 commentarii
801 2401 838 2459 ad
853 2400 995 2458 dialectos
1012 2398 1203 2475 explicandas
1220 2399 1373 2477 conparati

286 2509 401 2562 mature
419 2505 586 2581 perierant,
609 2503 772 2565 verisimile
790 2507 836 2560 est
855 2521 921 2560 cum
937 2502 1097 2579 Tryphone
1117 2501 1242 2581 aliisque
1258 2502 1373 2575 fecisse,

206 2645 212 2653 »
288 2606 493 2664 Herodianum
515 2611 613 2664 autem
629 2606 809 2664 Technicum
832 2603 927 2661 solum
948 2605 984 2662 de
1002 2603 1178 2663 Lesbiorum
1197 2604 1314 2663 ratione
1330 2605 1374 2663 lo·

291 2707 400 2785 quendi
416 2709 561 2781 cogitasse
577 2707 743 2786 ereliquiis
754 2706 825 2764 satis
838 2707 975 2782 adparet3
997 2706 1175 2785 paucissima
1191 2711 1376 2765 contraeunt

291 2829 367 2888 quae
385 2811 422 2868 ad
439 2796 610 2870 Boeotioam
627 2810 785 2868 dialectum
802 2807 967 2886 spectantia
983 2827 1001 2868 a
1018 2809 1173 2868 Prisciano
1189 2808 1380 2886 Etymologis-

290 2911 464 2971 Scholiastis
482 2915 596 2973 Ioanne
619 2912 817 2972 Grammatico
837 2899 980 2984 Gregorio
1002 2911 1158 2971 Corinthio
1180 2911 1303 2970 Aeolica
1324 2931 1377 2971 vo-

281 2997 467 3092 cantur³⁰l
511 3016 646 3090 Prodigii
669 3014 763 3090 igitur
787 3014 882 3072 simile
906 3013 1052 3091 estquod
1076 3013 1376 3090 recentiores³1)

291 3116 465 3193 ampliorem
481 3138 569 3198 quam
589 3118 730 3178 artiorem
746 3117 899 3176 notionem
914 3115 1054 3175 Aeolicae
1073 3114 1192 3174 dialecti
1208 3115 1377 3174 maluerunt

293 3222 492 3296 conprobare3
520 3225 552 3279 at
572 3221 673 3298 plures
695 3219 786 3279 tacite
807 3224 964 3297 utramque
987 3223 1087 3276 mente
1106 3218 1267 3276 finxerunt.
1312 3217 1375 3276 Sal-
1413 3213 1416 3220 ’

291 3320 401 3380 mosius
424 3323 502 3382 enim
525 3324 581 3382 etsi
603 3323 735 3397 linguam
758 3322 887 3398 priscam
908 3320 958 3381 vel
975 3319 1175 3378 Thessalicam
1196 3319 1326 3396 primum
1342 3320 1376 3378 in

291 3425 425 3482 Ionicam
441 3431 471 3484 et
487 3425 639 3484 Aeolicam
661 3425 803 3484 dialectos
821 3421 1006 3493 discessisse,
1035 3426 1099 3480 tum
1115 3423 1246 3481 Atticam
1268 3424 1306 3481 ab
1324 3422 1377 3481 illa

293 3531 323 3585 et
346 3529 383 3586 ab
401 3529 458 3586 hac
476 3527 615 3587 Doricam
640 3528 794 3587 distinctas
817 3545 881 3584 esse
906 3525 1024 3596 statuit,
1055 3529 1132 3603 quae
1153 3529 1242 3584 antea
1258 3527 1398 3598 eaedem,

292 3629 419 3688 fuissent
444 3630 521 3688 sicut
538 3630 644 3689 Strabo
665 3635 805 3710 quattuor
829 3627 970 3686 dialectos
995 3627 1033 3684 ad
1055 3619 1184 3684 παλαιὰν
1202 3619 1325 3684 Ἀτθίδα
1347 3631 1377 3686 et

362 3765 406 3828 28)
423 3781 448 3812 v.
468 3765 578 3825 Thucyd.
597 3765 652 3811 vu.
671 3767 710 3812 57.
735 3765 780 3811 ΙΙΙ,
799 3765 821 3810 2.

363 3851 406 3916 29)
423 3851 580 3898 Heraclidem
596 3849 790 3897 Alexandrinum
813 3849 855 3906 qui
877 3847 1006 3893 Eustathio
1029 3858 1144 3905 magnam
1168 3844 1297 3894 materiam
1320 3845 1376 3893 sub·

293 3938 415 3998 psditavit
439 3933 859 3998 (v.rsbric.b1b1.ar.1.4io),
884 3935 909 3978 et
924 3931 1104 3978 Parmenonem
1127 3943 1175 3988 quo
1198 3929 1304 3976 referam
1326 3945 1376 3978 non

292 4023 388 4084 habeo;
406 4024 448 4069 illa
465 4021 588 4069 delibasse
606 4022 665 4068 satis
682 4024 728 4077 est,
745 4032 800 4065 cum
811 4017 912 4076 longum
930 4017 962 4063 sit
979 4022 1004 4063 ct
1017 4030 1033 4062 a
1049 4015 1176 4076 proposito
1188 4014 1302 4076 alienum,
1320 4029 1376 4063 oon-

293 4107 387 4153 tinuam
404 4107 520 4154 historiae
538 4106 751 4167 grammaticorum
767 4102 913 4172 particulam
930 4105 1068 4148 contexere.

245 4253 246 4258 ¹
365 4189 407 4253 30)
425 4192 454 4238 of.
469 4192 573 4239 Ahrens.
587 4192 607 4236 1.
625 4204 649 4249 p.
664 4189 720 4246 176,
740 4190 769 4247 1;
789 4179 846 4245 180,
865 4190 894 4248 53
913 4187 971 4244 191,
990 4188 1018 4244 ὃς
1039 4186 1096 4244 193,
1115 4185 1146 4243 5;
1164 4187 1291 4246 2010t13
1310 4184 1377 4233 (tiss.

293 4293 318 4338 p.
331 4279 371 4324 37.
384 4292 408 4324 n.

365 4361 408 4424 31)
426 4361 548 4408 Plurimae
565 4359 698 4408 sententias
714 4357 836 4404 recensuit
853 4356 925 4404 Giesc
943 4371 968 4416 p.
981 4356 1090 4404 56-65.
