3114 4994
820 458 881 523 132

307 615 423 700 σιασμῷ
444 605 659 691 ἀλαλύκτημαι·
683 607 765 672 ἐπεί
787 601 806 669 ἀ
827 603 991 688 ποιητής
1012 611 1167 681 πολλοῖς
1187 607 1396 681 Αίολικοῖς

307 721 438 799 χρῆται
458 713 511 778 καί
532 707 658 792 μάλιστα
672 705 861 789 ἀλαλήμενος·
874 708 926 772 καί
943 703 1127 789 ἀκαχήμενος
1146 711 1200 789 (sio
1218 713 1324 808 equipai
1341 733 1395 789 pro

309 813 496 899 ἀκαχήμενος
510 814 560 877 καλ
576 809 751 894 άκάχμενος,
767 835 797 876 ε.
810 816 884 874 thr.
899 834 928 891 p.
945 818 1013 889 144,
1029 814 1092 892 20).
1118 813 1168 874 Sia
1182 814 1208 872 si
1219 834 1282 874 nou
1293 831 1397 874 omues

306 929 338 984 at
359 926 439 984 eerts
465 919 602 999 plerique
630 937 670 978 ex
690 915 891 995 praesentium
916 917 1033 976 ratione
1053 915 1242 990 accinebant,
1269 915 1396 993 persenti

305 1043 378 1086 vero
398 1022 566 1097 analogiam
587 1019 715 1078 maxime
730 1018 918 1078 Ptolemaeus
934 1017 1105 1077 Ascalonita
1119 1017 1291 1076 defenderat
1311 1017 1395 1076 ouius

306 1126 452 1202 seriptura
478 1139 574 1201 usque
602 1121 640 1180 ad
664 1118 807 1179 Wollium
837 1120 868 1176 Τ.
887 1123 946 1178 335
975 1119 1008 1177 in
1035 1118 1216 1206 editionibus
1243 1120 1396 1180 resederat

306 1227 347 1306 (v.
364 1225 461 1286 Bekis.
485 1224 582 1285 selred.
602 1222 691 1282 Hom.
706 1222 730 1280 Ι.
750 1241 779 1298 p.
797 1221 865 1299 72);
895 1222 931 1280 ef.
958 1219 1048 1280 sohel.
1075 1217 1101 1278 d.
1119 1225 1196 1279 806:
1212 1201 1256 1278 'oi
1273 1217 1396 1290 πλείους

306 1321 479 1404 ἀκάχησθαι
502 1316 544 1395 οίς
565 1318 702 1401 λέγεσθαι
729 1313 770 1392 αἷς
790 1320 937 1398 Αἰολικῆς
965 1323 1018 1398 τῆς
1046 1319 1166 1391 κλίσεως
1187 1313 1292 1397 οὔσης·
1322 1313 1341 1380 ἀ
1363 1317 1395 1381 ἀὲ

198 1497 202 1507 ,
303 1423 526 1503 ἈσκαλωνίτηςΙ
541 1417 583 1495 ἀς
603 1425 796 1500 πεποιῆσθαι.
840 1425 894 1484 Gui
917 1423 1112 1501 adstipulatus
1139 1429 1185 1484 est
1204 1424 1395 1484 Herodianus

305 1535 344 1594 ab
367 1523 553 1606 άλημιρθτί.
576 1545 653 1603 paee.
684 1517 793 1602 ἤλαμαι
820 1521 870 1585 καί
897 1517 1036 1594 Ἀττικῶς
1063 1518 1210 1600 ἀλήλαμαι
1238 1520 1290 1584 καί
1320 1517 1395 1584 κατά

306 1624 469 1710 ἀπέρθεσιν
486 1621 632 1704 ἀλάλημαι
650 1627 787 1690 derivans
807 1627 848 1705 (v.
867 1628 971 1690 Lenta.
987 1629 1028 1686 11.
1048 1647 1078 1703 p.
1093 1628 1164 1701 788,
1181 1628 1244 1704 22).
1287 1629 1394 1707 Neque

305 1753 378 1796 vero
400 1733 464 1792 sine
479 1731 579 1810 aliqua
599 1729 735 1790 veritatis
756 1730 855 1806 speeie
875 1748 915 1788 ex
931 1729 995 1788 eius
1010 1729 1110 1790 verbis
1132 1731 1169 1788 ad
1192 1729 1223 1786 Τ.
1242 1733 1304 1787 335
1325 1749 1394 1788 oon-

305 1835 415 1912 legitur
434 1831 643 1896 aooentumin
663 1830 821 1893 infinitivis
838 1848 855 1890 e
875 1831 999 1892 notione
1019 1830 1207 1891 usitatiorum
1221 1830 1394 1907 partieipia·

305 1955 372 1998 rum
393 1955 458 1996 ease
480 1934 644 2011 adpictum:
673 1924 845 2008 ἀκάχησθαι
871 1932 1110 2010 προπερισπᾶται
1138 1923 1179 2002 οἱς
1199 1932 1394 2008 λελυπῆσθαι,

307 2036 340 2100 οἰ
359 2031 392 2097 δὲ
414 2027 650 2114 προπαράξυνον
672 2024 714 2102 οἷς
735 2026 879 2094 Αίολικὸν
900 2030 934 2093 έν
955 2035 1139 2117 παρατατικῆ
1161 2032 1303 2115 σημασίμ,
1329 2029 1394 2092 έπελ

307 2132 371 2200 eide
391 2134 443 2198 καί
464 2128 519 2214 τήν
541 2127 727 2212 ἀκαχήμενος
749 2127 874 2212 μετοχήν
895 2128 1051 2211 τοιαύτην,
1081 2125 1127 2202 οἷς
1147 2131 1199 2194 καὶ
1226 2130 1352 2212 ἐπείσθη
1374 2125 1394 2210 ή

305 2233 483 2320 παράθοσιςς
505 2256 604 2318 neque
617 2237 682 2314 ipse
697 2238 734 2296 ab
748 2239 806 2297 hae
820 2237 945 2297 descivit
960 2237 999 2314 (v.
1018 2237 1142 2297 Laroeh.
1158 2256 1186 2313 p.
1202 2235 1283 2314 183),
1308 2237 1344 2297 ef.
1360 2255 1391 2294 τι.

306 2335 412 2423 ῥημάτ.
431 2342 473 2400 Ι[.
503 2359 532 2416 p.
549 2339 618 2411 7⁸8,
643 2343 699 2398 23:
732 2327 857 2397 δύναται
887 2331 1024 2407 ένεστοίς·
1057 2335 1116 2398 έστι
1147 2330 1204 2417 γάρ
1233 2331 1324 2414 ἀλημι
1352 2329 1394 2408 τάς

306 2445 431 2522 τίθημι,
459 2433 562 2516 άλεμαι
593 2431 634 2509 οίς
655 2437 776 2515 τίθεμαι
801 2435 850 2498 καί
873 2433 1088 2518 ἀιπλασιασμὸς
1116 2431 1182 2517 μετ’
1210 2433 1393 2510 ἐπεκτάσεως

307 2543 450 2621 Αἰολικῆς
470 2533 616 2618 ἀλάλημαι
635 2540 680 2619 (in
702 2541 792 2604 sehol.
815 2562 843 2616 μ.
862 2545 933 2602 284.
955 2542 996 2601 II.
1018 2562 1048 2618 p.
1067 2547 1126 2601 154
1153 2541 1300 2618 φίλησθαι
1321 2561 1391 2602 oon·

305 2647 388 2724 tulit)
410 2651 442 2706 et
462 2664 494 2702 π.
515 2646 588 2701 καθ.
610 2661 696 2719 προς.
713 2643 738 2702 1.
760 2663 789 2718 p.
805 2647 863 2702 461
894 2644 930 2702 de
951 2643 1180 2705 indicativorum
1202 2651 1327 2705 aoeeutu
1347 2645 1390 2705 lo·

306 2767 418 2830 quens:
451 2738 487 2804 τά
519 2738 571 2820 μέν
602 2730 658 2802 οὖν
689 2741 811 2824 βραχείᾳ
840 2738 1070 2824 παραληχόμενα
1097 2737 1389 2826 προπαροξάνοντας·

306 2845 427 2930 λέγομαι
448 2847 521 2906 κτλ·
550 2838 587 2903 rai
615 2837 648 2906 δέ
669 2837 758 2917 φύσει
786 2846 887 2929 μακρᾷ
913 2836 994 2904 άπλᾶ
1014 2839 1087 2906 ὅντα
1116 2850 1389 2928 προπερισποῑνται·

305 2955 405 3027 κεῖμαι
431 2937 507 3026 ήμαι
535 2947 678 3024 ποιοῦμαι
703 2945 831 3025 γελῶμαι
851 2948 978 3009 eddidit:
1005 2940 1231 3026 ἀπεσταλμένων
1255 2951 1318 3010 τοῖν
1337 2951 1391 3028 τῆς

305 3048 447 3120 Αἰολίδος
468 3045 632 3120 διαλέκτου,
655 3040 806 3125 ἀκάχημαι
824 3040 881 3128 γάρ
900 3044 952 3108 καί
973 3041 1129 3128 ἀλάλημαι,
1152 3047 1274 3110 καὶτοῦ
1295 3071 1391 3130 παρα-

304 3148 450 3230 κειμένου.
465 3183 508 3197 -·
523 3151 569 3210 lin
585 3150 657 3211 satis
671 3151 841 3211 testimonia
855 3150 963 3229 quibus
977 3152 1233 3228 grammatioorum
1247 3153 1390 3214 iudicium

304 3257 343 3318 ad
363 3251 530 3316 Aeoliemoa
551 3251 726 3312 Homericos
746 3254 934 3328 augurandos
953 3253 1041 3314 valde
1066 3253 1199 3329 proelive
1219 3274 1388 3332 eognosaas.

303 3356 451 3440 Equidem
473 3371 552 3412 nune
573 3353 786 3414 Buttmannum
809 3353 834 3433 5.
851 3359 898 3429 85,
917 3360 945 3414 4.
968 3355 992 3414 1.
1015 3374 1044 3430 p.
1061 3359 1131 3415 380.
1161 3355 1274 3434 5111,
1297 3363 1324 3416 3.
1349 3357 1389 3417 11.

303 3479 333 3538 p.
349 3464 391 3519 42
417 3458 536 3516 eeoutus
563 3458 667 3516 eontra
693 3455 878 3516 Lobeokiunr
906 3456 957 3537 qui
984 3455 1136 3516 Aeolieam
1164 3459 1391 3535 productionem

301 3549 465 3621 formarum
493 3548 583 3633 ἀημαι
613 3562 645 3616 et
665 3553 782 3632 δίζημαι
803 3557 977 3634 conparavit
1004 3563 1094 3638 atque
1120 3560 1323 3635 praesentium
1342 3580 1389 3621 re-

303 3659 533 3738 duplieatiouem
555 3659 674 3718 aliunde
695 3663 809 3718 tutatus
830 3664 877 3719 est
896 3659 1032 3734 diiudioo‚
1053 3665 1214 3722 retraotum
1234 3667 1389 3722 aooentum

303 3753 527 3841 partieipioruru
554 3779 616 3820 non
645 3779 685 3819 ex
709 3761 860 3821 Aeolismo
886 3762 939 3822 ssd
968 3780 985 3822 e
1009 3763 1148 3840 propriae
1176 3762 1308 3824 notionis
1336 3765 1388 3824 ob·

301 3863 414 3926 livione
436 3869 467 3923 et
480 3861 653 3940 principalia
665 3862 766 3946 uatus
781 3863 952 3936 mutatione,
975 3865 1065 3924 etiem
1081 3865 1150 3924 inde
1170 3848 1389 3927 infinitiverum

186 3963 189 3968 ’
303 3985 368 4027 esse
389 3964 583 4041 repetendum
598 3964 756 4044 omniaque
776 3983 849 4024 vera
868 3967 1002 4042 perteota
1021 3968 1059 4026 ad
1079 3967 1234 4042 vulgarem
1246 3966 1388 4027 fleetendi

302 4069 449 4128 rationem
470 4065 641 4141 releganda,
674 4085 750 4146 quae
770 4065 911 4126 fauillime
932 4068 1009 4128 siout
1036 4053 1110 4144 ῆμαι
1137 4068 1222 4146 (Dor.
1243 4054 1338 4144 ῆσμαι
1357 4089 1386 4131 r.

303 4168 375 4229 Ahr.
392 4169 434 4229 11.
455 4187 484 4245 p.
502 4167 575 4246 574)
598 4172 629 4228 st
648 4171 748 4246 κεῖμαι
761 4169 962 4244 praesentium
977 4170 1041 4232 vim
1062 4169 1202 4248 adoptare
1224 4170 1387 4247 potuerint.

389 4270 420 4346 3)
442 4267 534 4331 Verbi
549 4267 649 4345 κίχημι
663 4271 773 4331 formas
788 4267 924 4350 έκίχημεν
938 4277 969 4333 et
986 4264 1141 4350 κιχήμενος
1156 4290 1280 4351 quaeum
1301 4266 1388 4349 τιθή-
