3092 4996
832 506 852 569 2

299 662 452 722 Anecdoto
465 664 597 722 Romano
609 682 638 739 p.
649 667 721 720 285.
733 681 841 737 magne
852 662 940 721 laude
952 661 1072 732 efferre;
1094 665 1193 720 tamen
1210 681 1275 720 eam
1285 662 1386 741 plures

297 766 439 825 forebant
461 769 497 822 ut
516 763 697 824 Ribbeckius
719 764 753 823 in
776 765 865 824 huius
887 763 959 823 libri
986 762 1149 840 censura⁸)
1173 769 1263 843 atque
1282 771 1386 824 contra

296 867 477 926 Abrensinm
501 865 627 943 protulit
652 885 757 925 censor
781 866 844 924 eius
863 865 1072 940 grammaticae
1091 865 1269 943 Graecael).
1312 868 1385 926 Pro-

296 971 375 1028 fecto
395 969 446 1047 qni
464 987 529 1027 eam
546 967 639 1026 secuti
663 973 734 1026 sunt
749 988 850 1026 omnes
874 968 1015 1046 antiquae
1031 967 1151 1041 liuguae
1170 968 1312 1047 reliquias
1329 989 1384 1047 pro

295 1071 431 1144 vestigiis
441 1069 573 1129 Aeolicis
587 1069 742 1130 venditare
758 1075 906 1146 poteraut.
938 1069 1060 1129 Rectius
1076 1089 1147 1128 sane
1163 1070 1186 1128 si
1204 1070 1274 1149 quid
1287 1070 1384 1143 video,

296 1175 333 1232 de
348 1175 406 1231 hac
422 1192 456 1231 re
473 1172 645 1230 iudicarunt
662 1171 779 1230 Giesius
797 1176 827 1230 et
842 1171 1023 1242 Abrensius,
1044 1172 1102 1232 viri
1121 1172 1283 1230 doctissimi
1299 1178 1330 1231 et
1348 1175 1384 1232 de

297 1277 428 1335 Graecae
445 1273 566 1348 linguae
583 1272 717 1331 dialectis
733 1273 851 1347 egregie
865 1273 981 1344 meriti3
1004 1273 1113 1332 diserte
1130 1263 1244 1333 scilicet
1258 1281 1384 1354 uterquc

295 1377 481 1437 diversarum
497 1375 691 1434 dialectorum
706 1394 792 1433 usum
808 1394 896 1454 quem
905 1374 1076 1434 Harlessius
1091 1375 1254 1454 lyricorum
1267 1377 1385 1436 demum

296 1477 388 1538 aetati
407 1476 523 1550 tribuit,
546 1480 577 1536 et
590 1463 709 1535 mistam
724 1477 872 1556 quendam
888 1477 1016 1554 speciem
1030 1477 1063 1535 in
1079 1477 1259 1537 carminibus
1273 1479 1385 1538 Home·

295 1581 367 1640 ricis
382 1579 506 1654 agnovit
518 1579 577 1657 ¹⁰).
611 1578 710 1638 Etiam
724 1578 880 1638 Ribbeckii
896 1579 1044 1639 sententia
1057 1580 1078 1639 l.
1090 1580 1110 1640 l.
1129 1586 1304 1640 cunctanter
1318 1582 1382 1660 qui·

295 1683 363 1742 dem
380 1702 414 1742 eo
430 1679 597 1754 inclinavit,
613 1686 648 1739 ut
663 1686 732 1740 ante
744 1680 934 1739 Homericam
949 1687 1077 1742 aetatem
1095 1681 1226 1756 singulas
1241 1683 1382 1743 dialectos

294 1784 456 1862 separatim
480 1803 511 1842 ee
531 1783 739 1842 corroborasse
760 1786 795 1842 ut
816 1787 938 1859 possent
957 1783 1101 1858 discerni,
1131 1786 1274 1845 crederet.
1316 1787 1381 1844 Hoc

294 1887 389 1961 igitur
411 1885 554 1963 placitum
576 1883 650 1942 mihi
677 1904 795 1964 quoque
814 1903 886 1963 prae
913 1887 1018 1944 ceteris
1039 1888 1174 1946 adridere
1196 1907 1276 1946 nunc
1296 1907 1380 1966 prae-

293 2009 399 2048 moneo
416 2007 482 2047 cum
498 1987 702 2066 quaestionem
716 1988 752 2045 de
764 1986 914 2046 Aeolismo
928 1988 1087 2048 Homerico
1101 1989 1314 2048 instituendam
1334 1995 1379 2048 at-

294 2111 352 2172 que
363 2089 481 2165 singula
489 2089 614 2149 Aeolica
622 2089 750 2163 vestigia
766 2089 948 2163 conlegenda
958 2096 989 2149 et
1003 2094 1212 2168 pertractanda
1225 2091 1299 2150 mihi
1311 2111 1380 2168 pro-

293 2193 458 2272 posuerim,
482 2191 561 2270 quod
579 2193 635 2251 etsi
651 2211 715 2251 esse
729 2193 848 2253 videtur
866 2194 1132 2269 operaepretium,
1155 2213 1222 2252 cum
1239 2194 1311 2252 satis
1329 2194 1380 2252 ad·

294 2301 396 2356 curate
414 2300 478 2354 tum
496 2293 638 2354 continua
654 2294 865 2370 explanatione
883 2311 901 2352 a
916 2294 1069 2354 nullodum
1089 2301 1202 2355 motum
1220 2315 1284 2354 esse
1298 2295 1380 2357 vide-

292 2417 366 2458 rem.
409 2397 486 2456 Nam
510 2415 585 2476 quae
608 2397 776 2456 dissertatio
798 2397 853 2469 „de
871 2397 1021 2456 Aeolismo
1039 2393 1217 2458 Homerico''
1240 2418 1267 2458 a.
1290 2402 1380 2456 1865.

294 2499 380 2558 Halia
397 2500 465 2557 Sax.
487 2500 600 2576 prodiit
615 2500 764 2558 Theodori
780 2499 919 2572 Ameisii,
949 2520 997 2559 me
1015 2500 1089 2558 illud
1110 2501 1265 2560 consilium
1282 2499 1380 2559 conei-

293 2602 426 2680 pientem
445 2602 564 2674 fugerat
585 2619 682 2679 neque
697 2599 780 2678 prius
797 2601 830 2659 in
849 2619 955 2660 manus
977 2601 1084 2661 incidit
1105 2621 1193 2681 quam
1209 2607 1302 2662 totam
1317 2603 1380 2661 fere

294 2703 449 2761 materiem
472 2703 607 2776 congessi
623 2719 819 2780 magnamque
843 2704 1100 2762 commentationis
1117 2710 1231 2780 partem
1251 2703 1379 2782 absolvi;

294 2811 478 2863 tamencum
493 2803 634 2864 vidissem
649 2804 682 2862 in
705 2803 805 2862 multis
823 2805 942 2882 quidem
959 2808 1048 2864 rebus
1064 2806 1206 2865 iudicium
1224 2804 1379 2883 utriusque

225 2900 228 2908 ’
295 2911 431 2966 nostrum
453 2925 512 2965 non
537 2906 709 2979 dissentire,
739 2907 790 2965 sed
811 2925 908 2985 neque
929 2908 1028 2967 omnia
1050 2927 1148 2987 neque
1172 2927 1207 2967 ea
1231 2925 1307 2987 quae
1328 2905 1380 2964 ille

295 3015 485 3086 exposuerat,
507 3029 523 3067 e
544 3011 692 3069 sententia
708 3029 775 3067 mes
792 3009 942 3086 disputata
959 3029 1023 3068 esse
1042 3029 1100 3088 qua
1121 3031 1154 3070 re
1175 3010 1238 3069 eius
1258 3010 1292 3068 in
1312 3027 1380 3067 con·

295 3109 431 3189 pluribus
454 3109 528 3168 locis
550 3112 694 3173 rationem
716 3112 828 3170 babere
853 3131 955 3185 cogor,
986 3112 1171 3188 propositum
1194 3112 1381 3171 abiciendum

295 3232 357 3270 non
377 3231 441 3270 esse
456 3213 559 3289 putavi
576 3233 674 3293 neque
689 3234 751 3273 rem
770 3205 933 3274 retractard
953 3214 1128 3288 dedignatus
1148 3234 1221 3272 sum.
1265 3215 1303 3272 In
1323 3231 1380 3293 qua

295 3313 424 3372 maxime
442 3313 533 3372 Giesii
548 3315 690 3374 Ahrensii
706 3347 747 3358 -
761 3335 885 3394 querum
902 3315 988 3375 libris
1008 3317 1087 3395 quod
1104 3321 1254 3375 extremae
1270 3321 1380 3393 partes,

297 3433 422 3494 quarum
443 3415 477 3473 in
499 3415 553 3474 tali
575 3417 749 3498 quaestione
772 3418 866 3479 cnivis
890 3419 971 3476 haud
993 3437 1119 3495 parvum
1141 3425 1279 3478 movetur
1304 3417 1381 3477 desi·

296 3519 427 3590 derium,
449 3521 549 3576 tamen
574 3519 756 3595 exspectatio
778 3519 916 3590 evanuit,
946 3510 1007 3578 non
1024 3523 1164 3597 poterant
1180 3521 1265 3594 addi,
1294 3519 1381 3581 valde

296 3621 489 3679 dolemus-
511 3619 545 3679 G.
565 3619 658 3680 Curtii
681 3620 806 3681 aliorum
827 3640 953 3699 quorum
974 3621 1096 3680 nomina
1119 3627 1150 3682 et
1174 3622 1246 3700 quid
1268 3621 1306 3678 iis
1330 3621 1381 3678 de·

296 3723 382 3781 beam
399 3721 460 3780 suis
476 3721 550 3780 locis
566 3722 708 3796 landabo,
736 3723 851 3782 meritis
867 3743 915 3782 me
930 3723 1064 3783 adiutum
1084 3745 1148 3784 esse
1165 3723 1219 3784 vix
1237 3726 1283 3780 cst
1302 3723 1381 3800 quod

296 3824 385 3900 plano
403 3843 549 3884 moneam.
593 3824 650 3884 Sed
673 3825 847 3904 priusquam
870 3845 950 3885 nunc
974 3825 1011 3885 ad
1031 3827 1127 3903 ipsam
1149 3821 1380 3900 disputationem

296 3925 447 3997 accedam,
478 3946 544 3985 cum
560 3925 619 3986 viri
637 3927 717 3986 docti
735 3927 806 4006 quid
823 3927 863 3986 sit
878 3928 1033 3987 Aeolicum
1050 3927 1235 4005 aliquantum
1250 3924 1331 3983 inter
1348 3944 1380 3984 se

296 4025 487 4097 dissentiant,
516 4028 626 4087 idcirco
648 4047 709 4087 non
725 4048 975 4106 supervacaneum
994 4028 1067 4094 mihi
1086 4027 1206 4087 videtur
1222 4027 1379 4086 sententiis

315 4142 331 4150 Δ.
364 4177 391 4243 8)
408 4180 437 4227 ct.
457 4181 537 4227 Iahnii
554 4182 635 4228 annal.
653 4181 703 4227 vol.
716 4183 756 4229 66.
774 4195 798 4240 p.
812 4182 836 4228 9.
906 4181 932 4247 9)
950 4181 1009 4230 ibid.
1026 4195 1049 4241 p.
1064 4181 1121 4228 352.

365 4263 406 4329 10)
425 4263 506 4323 Gloss,
519 4265 548 4312 do
561 4265 618 4313 dial.
630 4265 724 4314 Aeolio.
736 4279 761 4325 p.
775 4267 814 4313 72.
828 4269 885 4315 149.
910 4268 1015 4323 Abrens,
1033 4265 1063 4312 ds
1075 4263 1141 4311 disll.
1153 4263 1252 4323 linguae
1262 4262 1348 4310 Graec.
1359 4264 1378 4309 1.

296 4363 320 4409 p.
335 4348 386 4408 IX,
403 4350 428 4396 in
441 4363 544 4409 gramm.
556 4351 612 4398 dial.
625 4350 747 4398 Ilomeric.
767 4357 791 4398 et
803 4352 898 4400 Atticus
915 4353 937 4412 ς.
951 4354 973 4400 1.
991 4365 1015 4410 p.
1030 4352 1053 4409 3,
1072 4350 1109 4398 ed.
1122 4349 1165 4397 alt.
1179 4347 1288 4408 Gotting.
1303 4350 1376 4396 1869.
