3092 4996
714 506 734 566 9

181 665 255 726 viris
278 664 372 724 doctis
394 665 520 741 probata
538 662 606 720 fuit.
650 659 699 718 Sic
717 659 862 733 Bergkius
873 659 924 738 Η)
942 663 1010 736 post
1030 679 1097 718 eum
1113 661 1268 722 Strabonis

183 767 410 846 descriptionem
419 764 555 826 laudavit
567 767 656 843 atque
668 762 701 824 G.
715 762 842 835 aureus,
857 762 906 823 vir
917 761 1142 836 cruditissimus,
1157 764 1269 839 apertis

182 869 344 948 verenti)
368 887 566 948 praemonens
590 886 628 924 ne
653 866 689 923 de
711 883 784 926 vera
805 863 934 941 pristina
954 863 1069 922 unitate
1089 870 1120 922 et
1141 863 1221 924 inter
1239 885 1270 924 se

184 991 300 1031 conexu
318 970 503 1030 etAeolismi
519 973 549 1028 et
560 967 699 1026 heolioae
714 965 811 1041 gentis
824 968 1038 1044 desperaretur,
1058 985 1167 1024 nomen
1179 969 1270 1025 Pseu·

185 1073 386 1133 daeolicarum
409 1074 445 1132 ab
469 1070 617 1130 Abrensio
641 1069 840 1148 propositum,
872 1089 939 1128 cum
965 1073 1043 1126 esset
1065 1071 1100 1128 ut
1124 1074 1271 1128 nostrates

186 1175 284 1234 solent
313 1174 492 1252 philosophe
520 1172 618 1252 loqui,
649 1192 729 1231 mere
760 1171 949 1246 negativum,
981 1169 1158 1248 repulsavit;
1193 1171 1272 1249 quod

185 1277 299 1336 crimen
315 1297 422 1337 vereor
437 1297 475 1335 ne
494 1275 613 1335 omniuo
629 1275 687 1350 ipsi
702 1275 853 1334 Aeolismo
868 1273 964 1350 possit
976 1272 1101 1347 intendi,
1119 1293 1195 1353 quae
1212 1293 1274 1334 vox

185 1398 246 1437 non
264 1397 355 1436 unam
370 1380 521 1456 propriam
538 1377 697 1436 dialectum
716 1377 852 1451 designat
869 1376 922 1435 sed
939 1396 988 1434 eas
1005 1375 1125 1449 linguae
1142 1376 1272 1435 Graecae

185 1480 345 1540 varietates
360 1480 484 1540 diversis
500 1480 574 1539 locis
589 1484 722 1539 servatas
739 1497 814 1558 quae
828 1499 890 1538 non
902 1477 1055 1557 pertinent
1071 1479 1108 1536 ad
1123 1478 1196 1538 alias
1209 1478 1271 1537 dia·

183 1582 276 1640 lectos
294 1602 329 1640 ac
347 1581 538 1642 distinctione
555 1587 636 1642 certa
651 1587 761 1653 carent,
783 1580 1008 1657 conprehendit.
1052 1581 1158 1660 Neque
1171 1585 1272 1640 tamen

185 1682 394 1743 similitudines
417 1703 493 1764 quae
509 1684 647 1743 Aeolicus
669 1683 811 1742 dialectos
827 1682 996 1742 consociare
1014 1682 1164 1757 dicuntur,
1193 1685 1272 1744 tanti

182 1785 284 1845 velent
298 1806 395 1866 neque
412 1787 571 1866 quicquam
588 1786 669 1845 aliud
684 1786 819 1844 indicant
835 1805 923 1866 quam
939 1805 988 1844 eas
1004 1785 1134 1844 eiusdem
1150 1785 1271 1861 linguae

183 1907 247 1946 esse
264 1893 378 1963 partes,
401 1908 477 1968 quae
501 1888 672 1966 saepissime
688 1888 796 1947 loaisa
817 1909 848 1947 se
865 1888 1043 1947 distantibus
1061 1887 1125 1947 sine
1141 1888 1203 1948 ulla
1219 1890 1270 1948 ad-

183 1990 299 2049 finitate
316 1997 347 2050 et
367 1991 536 2050 intercursu
553 1991 691 2066 stirpium
708 1990 773 2067 pari
787 1990 838 2050 via
853 1989 1018 2068 iisdemque
1034 1991 1123 2048 rebus
1140 1990 1271 2050 efficien-

182 2091 263 2151 tibus
279 2092 431 2168 inparem
451 2093 571 2151 modum
587 2111 761 2169 progressae
779 2093 955 2170 easdemque
973 2089 1152 2149 mutationes
1168 2111 1272 2168 passae

184 2198 263 2252 sunt.
313 2194 420 2273 Itaque
445 2213 512 2252 curn
539 2194 574 2252 de
601 2193 808 2272 antiquissimo
834 2213 969 2252 sermone
994 2192 1071 2250 nihil
1097 2200 1272 2269 conpertum

183 2297 345 2354 habeamus
359 2315 456 2375 neque
472 2317 488 2354 e
504 2295 709 2354 communione
725 2295 859 2369 gentium
872 2295 981 2354 fabulis
996 2294 1144 2353 celebrata
1158 2296 1194 2353 ad
1210 2296 1272 2354 dia-

183 2397 276 2456 lectos
296 2397 423 2457 Greecas
449 2399 608 2478 quicquam
629 2397 706 2456 lucri
732 2397 911 2456 coniecturis
930 2396 1079 2468 eliciatur,
1111 2416 1149 2456 ex
1169 2397 1273 2471 lingua

161 2561 164 2573 ,
186 2501 250 2577 ipsa
268 2500 364 2579 qualis
388 2505 434 2559 est
455 2501 573 2575 cognita
592 2500 725 2578 ipsorum
741 2499 850 2559 indicio
873 2499 920 2558 usi
937 2499 1069 2558 rationes
1084 2519 1185 2558 aarum
1201 2501 1273 2559 defi-

185 2603 303 2662 niamus
325 2622 360 2661 ac
376 2602 489 2679 pariter
507 2607 537 2662 et
560 2605 597 2661 ab
617 2603 721 2661 eodem
738 2607 872 2680 tempore
889 2622 991 2662 earum
1009 2601 1172 2680 primordia
1187 2624 1272 2681 repe·

184 2709 282 2764 tamus
308 2725 428 2764 necesse
455 2711 508 2764 est.
562 2704 748 2785 Quamquam
774 2725 847 2766 vero
876 2705 1001 2785 quisque
1029 2706 1066 2764 ab
1097 2706 1273 2780 gravissima

184 2811 281 2866 aetate
300 2825 334 2866 ac
350 2807 485 2884 pluribus
502 2808 636 2882 gentium
652 2807 881 2882 migrationibus
897 2807 1072 2885 longinquis
1088 2810 1273 2889 refertaque

185 2913 248 2968 tota
265 2928 360 2985 paene
376 2910 501 2969 Graecia
523 2910 666 2970 radicitus
687 2910 904 2981 inmutabatur,
932 2909 1056 2968 Ionibus
1079 2909 1131 2988 qui
1150 2909 1184 2969 in
1199 2911 1272 2970 Asia

161 3075 162 3080 .
187 3010 383 3070 consederant
404 3011 584 3089 peculiarem
609 3015 639 3071 et
663 3013 700 3070 ab
724 3012 827 3071 Attica
848 3011 1018 3070 distinctam
1040 3010 1199 3070 dialectum
1222 3013 1272 3070 ad·

185 3113 306 3187 tribuit,
335 3134 422 3173 nemo
448 3114 526 3173 sedis
548 3113 683 3193 coelique
701 3115 866 3174 mutatione
887 3118 976 3193 atque
995 3113 1187 3190 permistione
1207 3114 1273 3193 plu-

187 3217 265 3275 rium
282 3217 450 3291 nationum,
473 3217 662 3276 Achaeorum
681 3217 796 3290 Ionum,
823 3215 893 3276 olim
912 3215 945 3274 in
961 3215 1167 3293 Peloponneso
1192 3221 1222 3276 et
1239 3217 1273 3276 in

186 3319 308 3376 Euboea
323 3319 530 3392 habitantium,
549 3319 743 3379 Locrensium
758 3318 964 3376 Thessalorum
978 3318 1009 3376 in
1025 3319 1130 3394 primis
1144 3321 1272 3382 Boeoto·

187 3417 328 3496 rumss),
359 3405 468 3498 quiin
492 3422 582 3482 Asiae
606 3420 833 3499 septentrionali
858 3440 909 3479 cra
932 3420 1038 3479 intima
1063 3422 1272 3481 coniunctione

256 3589 300 3646 41)
317 3587 377 3633 ibid.
394 3602 417 3647 p.
432 3591 470 3636 12.

255 3674 300 3731 43)
317 3672 342 3718 10
355 3679 483 3721 comment.
495 3675 556 3723 actis
573 3677 646 3724 litter.
660 3676 770 3735 Gotting.
788 3689 810 3721 a.
825 3676 890 3723 1862
909 3689 933 3734 p.
946 3677 1083 3724 483-498
1100 3677 1207 3722 inserts:
1225 3677 1272 3724 Be·

186 3758 340 3816 merkungen
358 3773 401 3804 aur
413 3759 580 3816 griechischen
592 3761 769 3820 Dialectologie
787 3775 811 3820 p.
824 3763 881 3809 487.
909 3761 946 3807 Ec
959 3761 1019 3807 duce
1032 3759 1152 3807 Gelbhius
1164 3760 1189 3806 in
1203 3760 1271 3810 Curt.

188 3843 256 3890 Stud.
273 3859 298 3890 v.
310 3844 341 3890 11.
359 3858 383 3903 p.
397 3847 490 3892 3-41
508 3845 662 3893 Aeoliourum
683 3851 791 3906 systema
814 3846 850 3892 sic
873 3847 1002 3905 conposuit
1025 3845 1090 3891 inter
1106 3845 1272 3894 Thessalicam

187 3929 329 3976 Boeotioam
348 3929 435 3976 Eleum
452 3931 598 3977 Arcadicum
616 3930 733 3991 Cypriam
751 3931 909 3989 Lesbiaeam,
933 3935 962 3976 ut
978 3930 1098 3976 Arcadica
1121 3932 1194 3990 (quae
1218 3935 1272 3980 orta

188 4019 226 4062 est
242 4029 272 4062 ex
290 4015 377 4061 Ionum
394 4029 506 4062 sermone
524 4021 581 4062 ante
598 4017 757 4074 migrationes
774 4017 887 4077 florente)
909 4016 980 4074 quasi
996 4015 1122 4063 vinculum
1140 4020 1206 4064 asset
1223 4030 1271 4075 quo

188 4101 393 4160 septentrionales
410 4105 435 4147 et
451 4101 571 4148 australes
588 4100 800 4160 coniungerentur.
827 4101 864 4160 (v.
881 4115 905 4161 p.
919 4102 960 4148 aa.
973 4101 1025 4160 21.)

257 4187 301 4247 44)
319 4185 368 4232 vid.
381 4185 468 4244 Plehn,
486 4184 597 4233 Lesbiae.
615 4201 640 4248 p.
655 4186 702 4244 39,
721 4184 750 4233 Ο.
762 4187 915 4245 Muellerum,
933 4184 1047 4233 Orchom.
1064 4200 1089 4246 p.
1102 4187 1162 4247 398,
1179 4187 1264 4234 ethist

188 4270 233 4317 litt.
252 4269 338 4318 Graec.
356 4271 375 4317 Ι.
398 4285 421 4331 p.
436 4273 476 4322 15.
497 4272 557 4332 115,
583 4271 611 4320 u.
630 4270 741 4320 Curtium
764 4273 821 4322 bist.
840 4272 925 4320 Graec.
944 4273 981 4320 1⁴.
1003 4287 1026 4332 p.
1040 4273 1087 4320 111
1102 4285 1152 4332 su,
1179 4272 1271 4332 Bergk.

188 4370 212 4416 p.
225 4357 284 4404 461.
302 4359 377 4404 aaa
