3092 4996
801 467 841 530 10

279 623 409 701 copulati
427 623 589 683 Aeolnnses
605 623 866 700 nuncupabantur,
897 641 1018 700 prorsus
1033 642 1142 684 novem
1158 622 1316 681 dialectum
1333 628 1364 681 et

279 746 298 785 a
314 727 456 806 cuiusque
478 726 576 802 patrio
593 745 728 785 sermone
751 725 899 786 diversam
918 725 1054 784 effectam
1071 744 1135 784 esse
1153 725 1256 785 eodem
1276 726 1363 784 modo

278 834 423 888 statuerat
451 833 571 905 praeter
596 827 773 888 Salmasium
794 826 1013 906 Sturziumque.
1062 827 1142 901 Ergo
1168 826 1302 907 quamvis
1327 825 1363 886 de

277 930 400 990 Aeolica
422 931 573 1011 gente45)
593 930 670 990 nihil
691 929 923 1003 adfirmaverim,
951 930 984 989 in
1001 929 1143 990 dialectos
1159 929 1290 1008 amplum
1309 948 1362 988 no-

275 1033 365 1092 minis
382 1020 498 1092 Aeolici
522 1033 665 1092 ambitum
685 1033 767 1092 nullo
788 1033 852 1092 iure
868 1031 1008 1092 umatum
1025 1052 1089 1092 esse
1105 1050 1200 1111 eaque
1218 1033 1254 1091 de
1275 1049 1363 1092 causa

275 1136 365 1214 plane
382 1135 640 1195 exterminandum
657 1135 819 1205 contendo;
840 1140 931 1214 atque
946 1154 985 1194 ne
1000 1153 1066 1194 cum
1076 1134 1225 1223 Ahrensio
1243 1133 1362 1214 quidem

275 1237 424 1314 faciest),
447 1238 498 1296 sed
517 1237 672 1297 dumtaxat
686 1238 721 1296 de
739 1237 914 1296 Lesbiorum
933 1242 963 1296 et
976 1237 1156 1297 Asianorum
1170 1237 1362 1296 Aeolensium

274 1341 435 1411 locutione,
457 1339 534 1398 sicut
547 1338 646 1415 placet
654 1339 852 1413 Kirohhoffio,
870 1339 1023 1398 Aeolicam
1037 1339 1195 1399 dialectum
1209 1339 1361 1413 intellego.

360 1444 444 1502 Pono
466 1441 560 1516 igitur
582 1444 661 1502 hano
678 1461 732 1519 per
755 1440 953 1521 longinquum
975 1441 1147 1502 considendi
1167 1447 1283 1519 tempus
1301 1441 1363 1500 iam

276 1551 346 1604 ante
364 1544 591 1606 Homericomm
611 1543 774 1603 carminum
790 1547 918 1603 aetatem
933 1543 1005 1604 satis
1021 1544 1151 1619 viguisse
1168 1549 1200 1603 et
1215 1543 1363 1602 excultam

274 1647 376 1720 fuisse,
398 1653 434 1707 nt
448 1647 518 1706 inde
535 1666 636 1706 eorum
646 1646 750 1705 Ionica
763 1645 890 1706 elocutio
902 1646 1056 1706 Aeolicum
1072 1647 1219 1726 quendam
1233 1646 1362 1706 colorem

275 1750 418 1808 traheret.
462 1751 535 1809 (ium
557 1753 657 1807 minen
682 1748 811 1822 cognitio
836 1752 939 1809 nostra
961 1749 1102 1829 antiquae
1122 1749 1243 1823 linguae
1266 1747 1361 1828 qualis

275 1851 368 1910 fuerit
384 1851 468 1911 nulla
482 1852 529 1924 sit,
542 1851 624 1931 'quia
641 1870 739 1931 neque
754 1851 920 1911 versiculus
936 1871 1033 1931 neque
1048 1851 1169 1928 lapillus
1191 1850 1281 1910 ullius
1298 1850 1361 1909 dia·

274 1953 345 2013 lecti
363 1954 413 2034 qui
429 1954 490 2025 illa,
508 1973 571 2012 non
586 1953 661 2026 dieo,
678 1953 852 2034 aequiperet
861 1958 1010 2014 vetustate
1024 1954 1075 2012 sed
1089 1974 1151 2013 non
1162 1953 1252 2012 nimis
1267 1953 1360 2025 cedat,

275 2058 312 2115 ad
327 2062 460 2116 nostram
471 2055 643 2114 memoriam
653 2055 844 2114 transmissus
860 2060 914 2126 cst,
930 2057 1044 2116 formae
1056 2075 1132 2136 quae
1144 2055 1187 2115 ibi
1201 2075 1267 2114 cum
1277 2054 1360 2133 prin·

277 2158 380 2236 cipalis
405 2157 523 2217 dialecti
541 2157 653 2232 reptilis
674 2162 810 2237 pugnant
832 2158 959 2238 ideoque
982 2159 1033 2220 vel
1058 2159 1095 2217 nd
1111 2158 1209 2236 prisca
1225 2162 1361 2235 tempora

274 2261 452 2336 relegandae
467 2261 517 2321 vel
531 2260 667 2320 dialectis
682 2260 882 2334 adsignandae
899 2238 993 2332 sunt,¹
1003 2259 1168 2319 internosci
1186 2265 1217 2319 et
1232 2259 1361 2319 describi

273 2368 433 2444 nequeunt,
456 2363 514 2421 nisi
527 2363 609 2437 leges
619 2363 752 2422 Aeolidis
768 2382 857 2441 quam
869 2363 1009 2422 traditam
1025 2361 1192 2440 accepimus
1208 2382 1246 2423 ex
1256 2361 1360 2422 Alcaei

272 2473 303 2526 et
328 2467 465 2545 Sapphus
489 2470 643 2543 poetarum
663 2465 838 2540 fragmentis
860 2464 1025 2524 minoribus
1048 2469 1077 2524 et
1099 2465 1196 2525 titulis
1220 2465 1270 2544 qui
1292 2469 1360 2544 post

272 2568 416 2627 Ahrensii
439 2567 549 2625 librum
573 2566 760 2646 aliquantum
788 2566 868 2626 aucti
891 2568 1019 2645 suntss)
1045 2574 1076 2627 et
1100 2567 1365 2642 grammaticorum

342 2788 386 2847 Ab)
403 2785 501 2832 videsis
519 2784 684 2832 Schoemanni
700 2785 821 2832 rationem
839 2786 884 2834 1.1.
903 2800 927 2845 p.
941 2789 982 2836 91.

342 2873 387 2933 46)
406 2870 477 2931 Quod
494 2886 519 2918 v.
538 2871 561 2918 d.
580 2871 600 2918 1.
618 2885 642 2930 p.
655 2873 679 2918 4.
698 2885 724 2918 n.
739 2872 777 2918 12.
802 2871 949 2920 sententiam
972 2872 1112 2920 testimonio
1133 2874 1287 2933 grammatici
1300 2873 1357 2922 Lei-

274 2957 356 3006 densis
374 2956 416 3016 qui
427 2957 579 3004 Herodotum
590 2956 610 3003 1.
628 2957 686 3004 tit.
703 2952 828 3020 τέσσερας
844 2953 953 3022 τρόπους
962 2955 1136 3022 παραγωγέων
1147 2958 1246 3008 Ionicae
1261 2958 1359 3006 dialecti

274 3044 350 3090 fuisse
374 3042 530 3090 exhibentem
552 3047 650 3088 secutus
673 3042 717 3100 (ci.
734 3042 858 3089 Koenium
880 3042 906 3088 in
924 3041 1049 3090 Schneieri
1066 3044 1105 3091 ed.
1124 3043 1229 3105 Gregor.
1247 3043 1357 3092 Corinth.

272 3144 297 3189 p.
308 3130 370 3189 491)
388 3133 486 3187 praeter
503 3126 548 3172 hus
565 3140 589 3186 p.
604 3129 652 3175 629
671 3126 788 3174 Aeolicus
805 3127 903 3174 dialecti
920 3132 970 3175 tres
988 3123 1165 3191 μεταπτώσεις
1182 3132 1250 3177 solus
1266 3144 1356 3177 memo·

272 3214 339 3261 ravit
356 3228 380 3273 p.
395 3215 453 3270 639,
471 3225 532 3271 quas
550 3210 647 3258 Giesius
664 3226 688 3271 p.
702 3214 734 3258 54
752 3216 890 3272 temporum
905 3195 1038 3272 progressu
1054 3219 1125 3261 natas
1142 3229 1196 3262 esse
1213 3214 1356 3272 autumavit,

273 3301 328 3359 ipse
339 3299 418 3345 tribus
430 3297 535 3344 diversis
552 3295 665 3355 gentihus
677 3297 821 3356 vindicavit,
838 3297 919 3345 fulciri
930 3299 1017 3357 voluit,
1034 3299 1170 3346 verendum
1186 3305 1224 3347 est
1234 3313 1266 3347 ne
1277 3313 1357 3359 mam-

272 3385 378 3432 muticus
395 3382 516 3430 Herodoti
533 3381 611 3428 verba
628 3382 692 3428 falso
709 3382 884 3443 interpretatus
901 3383 945 3441 sit,
964 3397 1027 3442 quas
1045 3398 1100 3432 cum
1116 3398 1190 3432 unam
1208 3385 1358 3444 eandemque

272 3470 339 3517 Indis
363 3469 468 3515 somnam
490 3468 589 3513 illarum
606 3467 734 3527 regionum
759 3468 901 3516 certissimis
924 3468 1001 3515 titulis
1019 3469 1135 3516 traditam
1152 3469 1299 3528 habeamus,
1325 3471 1356 3518 de

271 3553 443 3602 humilioribus
459 3551 585 3612 populeris
602 3553 808 3612 pronuntiationis
822 3551 1003 3600 discriminibus
1020 3554 1044 3600 h.
1057 3569 1069 3601 s
1087 3549 1275 3616 duodennatum
1288 3569 1356 3605 τοπι-

272 3643 330 3702 uui<
347 3640 492 3699 quibuscum
516 3637 614 3686 dialecti
630 3638 731 3684 Aeolica
746 3638 888 3686 Thessalica
903 3638 1021 3685 Boeotica
1042 3639 1141 3686 omnino
1158 3644 1282 3699 nequeunt
1299 3653 1355 3686 con·

271 3725 361 3784 parari,
378 3725 521 3784 accipienda
537 3724 654 3770 videntur
671 3738 731 3771 esse.
758 3725 800 3784 (ci.
819 3723 983 3771 Grueienhnn.
1001 3725 1017 3771 l.
1030 3725 1047 3771 l.
1063 3725 1083 3772 1.
1101 3738 1126 3784 p.
1139 3727 1208 3784 183.)

340 3811 386 3870 tu)
403 3810 459 3856 Huc
476 3809 568 3856 cadunt
583 3808 757 3868 inscriptiones
774 3807 806 3854 ab
824 3809 862 3855 Al.
875 3808 968 3856 Gonzio
984 3809 1010 3856 in
1022 3809 1112 3858 itinere
1123 3809 1235 3856 Lesbiae.
1252 3824 1274 3856 a
1289 3809 1354 3858 1865

270 3893 364 3953 editae,
387 3909 491 3954 quarum
508 3894 570 3941 duas
587 3893 709 3954 Sauppius
725 3893 752 3940 in
770 3892 879 3953 Gotting.
896 3908 980 3955 progr.
998 3908 1020 3941 a.
1039 3896 1120 3953 1870,
1141 3909 1227 3941 omnes
1243 3894 1357 3942 Weldins

270 3978 297 4025 in
314 3980 374 4027 diss.
390 3980 501 4028 Berolin.
518 3994 540 4027 n.
560 3980 642 4028 18⁷1:
668 3979 850 4042 ¹Additamentu
872 3980 904 4026 ad
921 3980 1039 4028 dialectos
1054 3980 1182 4027 Aeolicam
1203 3984 1228 4028 et
1245 3980 1355 4028 Thessal.

271 4053 463 4123 cognoscendus’¹
480 4065 608 4124 tractavit,
632 4066 720 4112 titulus
736 4064 901 4124 Erythraeus,
922 4066 952 4112 de
971 4079 1020 4124 quo
1037 4065 1088 4125 egit
1103 4065 1234 4113 Kennerus
1251 4065 1277 4112 in
1294 4065 1356 4113 actis

270 4149 379 4196 academ
391 4149 497 4198 vindob.
509 4151 599 4198 LXXI.
611 4165 635 4211 p.
650 4153 699 4200 335
712 4163 758 4209 sq.,
776 4148 873 4209 cyriaci
884 4150 1032 4198 Anconitani
1042 4149 1230 4210 inscriptionum
1241 4149 1353 4198 Lesbiae.

271 4235 368 4295 sylloge
379 4235 478 4294 inedita,
495 4249 569 4295 quem
585 4250 665 4297 nuper
676 4235 768 4296 publici
784 4235 844 4283 iuris
855 4235 914 4284 iecit
925 4234 1055 4284 Kaibelius
1066 4235 1091 4282 in
1103 4235 1206 4295 uphem.
1218 4235 1353 4297 Epigraph.

270 4320 321 4367 vol.
336 4319 368 4366 11.
386 4319 444 4367 fasc.
459 4323 481 4367 1.
499 4335 523 4381 p.
541 4324 600 4380 lsq.
619 4324 650 4382 (a
671 4322 755 4381 1874).
