3092 4996
683 476 724 540 79

166 625 249 686 πῶν·
282 634 311 687 et
338 630 462 688 verbum
493 623 600 707 νηδάω
630 631 713 690 nulla
742 631 901 690 intersedit
932 631 1117 690 necessitudo
1152 631 1208 710 (Cu
1239 676 1245 692 .

165 751 191 806 p.
209 734 291 809 601).

244 835 303 892 ΙΠ.
348 833 388 892 Ω.

243 939 281 994 A.
315 937 344 1012 1)
361 937 408 995 Ad
419 938 569 998 Aeolioam
584 939 696 999 vooalis
712 959 735 998 ω
750 939 782 997 in
797 944 816 996 ν
831 939 1025 1000 mutationem
1042 957 1130 1018 quam
1151 959 1247 1013 gram-

162 1038 257 1098 matioi
282 1041 426 1119 exemplis
454 1034 557 1117 χελύνη
579 1025 628 1101 vel
654 1036 757 1116 χέλυνο
785 1041 903 1120 (Bergk.
927 1042 955 1100 3.
978 1043 1015 1100 ir.
1035 1047 1102 1100 169.
1126 1061 1153 1118 p.
1171 1047 1241 1115 924,

160 1140 195 1198 fr.
212 1146 261 1200 45.
279 1162 307 1221 p.
322 1143 396 1218 892)
418 1162 472 1220 pro
488 1135 598 1219 χελώνη
620 1143 706 1218 (Ahr.
724 1146 749 1202 Ι.
767 1163 796 1221 p.
811 1145 859 1202 97.
893 1143 997 1204 Hirzel
1012 1164 1039 1220 p.
1055 1145 1106 1220 15)
1127 1151 1160 1203 et
1181 1139 1245 1202 τέκ-

161 1263 218 1301 των
228 1263 282 1320 pro
299 1241 402 1304 τέκτων
419 1247 648 1324 oonprobarnut,
671 1263 759 1324 quam
775 1266 854 1306 nuno
870 1247 958 1306 etiam
973 1247 1004 1305 in
1020 1247 1139 1306 nomine
1158 1240 1244 1322 Κύμη

161 1363 213 1419 pro
233 1344 332 1421 Κούμη
354 1340 447 1429 Kipipa
469 1348 518 1408 vel
543 1340 638 1422 Κύμη
659 1354 823 1423 agnoscunt
841 1349 959 1409 Curtius
982 1354 1020 1410 et.
1038 1370 1066 1426 p.
1082 1353 1149 1408 139.
1173 1349 1243 1408 Hir-

161 1446 252 1506 zelius
271 1469 301 1526 p.
318 1455 367 1509 20.
398 1450 538 1510 Gelbkiue
557 1472 585 1528 p.
603 1456 641 1508 23
671 1451 703 1508 in
732 1450 830 1524 glossa
852 1451 998 1530 Hesychii
1026 1444 1162 1526 ῥῶθννες
1190 1471 1244 1529 pro

162 1541 308 1625 ρῶθωνες
319 1551 431 1631 (nares)
447 1555 487 1611 M.
503 1553 683 1611 Sohmidtiua
701 1553 759 1613 vol.
776 1555 833 1610 III.
848 1574 878 1631 p.
890 1559 951 1611 438
974 1552 1007 1612 in
1030 1554 1127 1626 glossa
1146 1555 1245 1632 μῦμνρ

153 1654 262 1726 μῶμος
280 1655 361 1713 Gurt.
377 1661 415 1714 et.
432 1676 460 1733 p.
475 1659 544 1726 314,
568 1661 683 1714 veteres
699 1655 814 1729 ingenti
830 1673 974 1714 consensu
992 1657 1170 1716 adieetivum
1181 1658 1243 1716 Ho-

162 1751 302 1815 merioum
331 1747 457 1830 ἀμύμων
481 1763 613 1834 speotaro
641 1757 698 1816 sibi
727 1764 935 1834 persuaserant
958 1778 1081 1839 quorum
1104 1759 1245 1819 iudioium

162 1877 198 1916 ex
219 1859 372 1936 Hesyohio
395 1879 475 1919 nuno
496 1860 714 1919 firmamentum
736 1862 842 1932 habet;
865 1863 902 1919 of.
921 1862 1030 1921 Herod.
1055 1883 1086 1920 οτ.
1111 1866 1185 1920 nod.
1204 1863 1245 1921 II.

164 1961 237 2020 37οι
260 1959 293 2018 οἳ
313 1957 345 2020 di
361 1955 443 2038 παρά
460 1955 494 2020 τύ
511 1964 614 2036 μῶμος
631 1955 705 2020 nord
721 1959 857 2038 στέρησιν
874 1955 998 2038 ἀμωμος
1014 1963 1104 2042 (quod
1122 1965 1245 2024 eandem

162 2062 410 2137 significationem
431 2065 522 2123 habet
540 2064 617 2143 apud
636 2065 745 2124 Simon.
766 2067 802 2123 fr.
818 2072 847 2126 4.
877 2065 1016 2142 Aeschyl.
1034 2066 1116 2125 Pers.
1133 2087 1162 2125 v.
1179 2059 1245 2125 185ss

162 2164 283 2226 Thaoor.
304 2171 350 2239 18,
368 2172 416 2226 25.
444 2167 586 2226 Herodot.
602 2169 643 2227 Π.
664 2187 687 2226 o.
703 2167 774 2245 177)
799 2159 924 2244 ἀμύμων
945 2160 1190 2246 παρωούνθετον·
1213 2161 1246 2226 τύ

163 2262 193 2325 δὲ
220 2273 243 2326 oi
274 2265 317 2338 εἰς
345 2273 365 2326 ni
394 2260 434 2338 ῶς
462 2261 494 2326 τύ
523 2263 631 2346 χελώνη
660 2262 764 2346 pstea
792 2262 873 2348 πορά
901 2271 1035 2344 Σαπφοῖ.
1086 2271 1247 2330 Notionem

163 2375 258 2430 autam
283 2357 438 2431 Homerus·
452 2373 516 2449 ipse
539 2373 611 2433 satis
632 2373 844 2450 interpretatus
866 2376 912 2430 est
933 2372 1026 2430 altera
1048 2373 1142 2431 forma
1165 2365 1247 2447 ἀμῶ-

164 2493 253 2546 μητος
270 2492 346 2553 quae
360 2474 471 2549 legitur
487 2476 532 2532 M.
548 2480 607 2533 109
626 2474 712 2551 (seut.
726 2475 814 2534 Hero.
828 2495 856 2536 ν.
874 2474 957 2552 102),
979 2476 1016 2532 of.
1033 2475 1136 2550 μῶμος
1151 2471 1177 2550 β.
1192 2480 1247 2546 86;

163 2581 250 2654 atque
280 2582 399 2652 praeter
419 2578 498 2636 hano
520 2578 560 2654 (v.
581 2579 663 2636 Euat.
681 2577 751 2649 317,
770 2581 822 2656 46)
846 2568 968 2652 ἀμωμος
992 2577 1087 2654 (Euat.
1108 2599 1137 2655 p.
1156 2577 1244 2651 1857,

165 2681 215 2756 45)
246 2670 365 2756 ἀμαθῶς
392 2680 432 2756 (ν.
457 2680 548 2739 sohol.
570 2684 605 2739 A.
631 2680 669 2738 od
693 2682 729 2736 A.
745 2679 820 2758 423)
850 2681 886 2737 de
914 2697 984 2739 arou
1015 2671 1167 2755 ἀμεμπτος
1196 2677 1246 2739 καὶ

164 2771 247 2858 ύννής
269 2781 374 2858 (sohol.
393 2782 427 2840 D.
446 2784 483 2840 ad
503 2783 535 2850 0.
549 2783 623 2860 463)
645 2783 682 2841 de
698 2781 856 2842 saltatione
870 2775 1046 2858 ἀμῶμητος·
1071 2779 1131 2841 ἔστι
1150 2779 1183 2841 δέ
1204 2803 1247 2853 τις

165 2881 215 2942 καὶ
237 2877 338 2958 φαύλη
361 2876 480 2959 ὄρχησις
507 2885 610 2960 (schol.
630 2889 666 2944 A.
686 2886 721 2946 V.
743 2886 788 2943 ad.
809 2887 846 2942 N.
865 2885 938 2963 637)
967 2885 1134 2962 explicandi
1159 2904 1246 2946 oausa

164 2987 364 3063 adposuerunt
377 2987 560 3060 grammatici
576 2993 606 3046 et
620 2987 854 3065 soholiogrephi;
878 2989 1058 3048 eontrarium
1072 2987 1165 3061 igitur
1179 2987 1246 3047 vooi

164 3107 187 3146 τ.
202 3093 272 3147 382.
295 3078 413 3164 ἀντηνὴς
427 3109 450 3147 τ.
466 3095 526 3147 329
542 3094 595 3149 eet.
640 3095 739 3170 Atque
754 3090 790 3149 de
806 3110 860 3148 nau
876 3091 939 3148 eiua
954 3092 1037 3150 Euat.
1052 3111 1082 3167 p.
1096 3090 1186 3162 1857,
1204 3097 1243 3150 43

163 3188 297 3252 laudavit
317 3192 405 3250 haee:
428 3193 524 3262 καλῶς
545 3184 603 3269 ἀρα
619 3192 810 3268 σεσημείωται
831 3184 892 3250 ninii
908 3193 967 3250 τῶν
982 3190 1123 3264 παλαίων,
1147 3186 1192 3252 ὅτι
1212 3186 1245 3250 τύ

165 3284 291 3368 ἀμύμων
313 3285 485 3369 ωροςύτνοις
506 3288 608 3368 μόνοις
636 3286 777 3373 ἡρωϊνοῑς
800 3292 976 3367 ἐπιτίθεται,
1010 3287 1105 3373 ἥγονν
1127 3296 1246 3370 θνητῶν

166 3390 292 3466 ἐνδόξων
314 3387 488 3473 ἀνθρώπων
510 3393 587 3456 ἐστὶν
610 3393 757 3456 ἐπίθετον.
803 3399 871 3458 Vox
890 3397 982 3472 igitur
998 3417 1084 3476 quam
1099 3397 1246 3457 Pindarus

166 3504 195 3557 et
216 3497 395 3576 posteriores
411 3498 487 3576 apiei
509 3520 547 3560 ex
562 3501 692 3559 Homero
714 3501 840 3560 mutuati
857 3507 940 3572 sunt,
963 3500 1068 3574 tragici
1083 3520 1154 3560 vero
1171 3520 1245 3558 nun·

167 3619 252 3678 quam
274 3607 464 3676 usurparunt,
486 3601 534 3660 his
555 3602 628 3661 loeis
651 3608 748 3662 exstat
770 3604 806 3661 de
828 3603 962 3680 personis
981 3601 1130 3660 adhibite:
1153 3602 1246 3660 nomi-

166 3702 283 3762 nativus¹
306 3707 352 3760 est
372 3702 404 3760 in
423 3704 496 3763 fine:
519 3696 622 3780 μάντις
644 3697 773 3780 ἀμύμων
795 3708 831 3764 Α.
847 3711 896 3763 92.
913 3707 935 3762 t.
950 3710 998 3761 99.
1015 3709 1085 3762 291.
1111 3704 1248 3774 Γλαῦκος

167 3798 291 3880 ἀμύμων
315 3805 347 3862 Β.
363 3807 433 3864 876.
458 3800 489 3868 Ξ.
507 3812 576 3866 426.
601 3800 729 3886 (Δαρής)
753 3800 881 3882 ἀμύμων
905 3807 940 3862 Ε.
958 3811 986 3862 9.
1021 3806 1150 3882 Τεῦκρος
1172 3796 1247 3881 ἀμύ-

168 3927 231 3980 μων
243 3905 277 3968 Θ.
293 3907 363 3966 273.
378 3913 448 3966 292.
465 3904 621 3978 Μενέλαος
631 3902 756 3985 ἀμύμων
771 3909 807 3966 Ν.
821 3913 892 3967 641.
912 3903 977 3982 νηὶς
992 3900 1120 3982 ἀμύμων
1132 3901 1163 3970 Ξ.
1175 3913 1246 3967 444.

168 4001 233 4078 νύάς
254 4001 379 4086 ἀμύμων
397 4009 435 4068 Π.
451 4011 518 4070 197.
535 4009 561 4070 d.
578 4013 647 4072 789.
670 4007 860 4089 (Ἀντίλοχος)
883 4003 1010 4086 ἀμύμων
1032 4030 1057 4088 μ.
1075 4015 1142 4069 111.
1169 4009 1247 4068 Kio-

168 4105 273 4186 τύνηος
293 4105 421 4187 ἀμύμων
434 4116 466 4170 θ.
483 4118 551 4173 123.
575 4115 664 4174 semol
680 4115 757 4174 siout
771 4134 872 4202 omnes
891 4133 974 4172 oasus
990 4112 1102 4191 obliqui
1123 4117 1153 4172 et
1167 4131 1246 4172 nom.

169 4212 242 4288 plur.
265 4219 333 4291 post
354 4216 474 4275 tertium
496 4218 683 4277 trochaeum:
714 4209 840 4294 ἀμύμων
863 4206 1100 4295 Βελλεροφόντης
1124 4216 1247 4276 Ζ.180.

172 4306 323 4396 ἀμύμονος
353 4315 473 4398 ἰητῆρος
503 4324 537 4378 Δ.
558 4326 625 4380 194.
657 4321 696 4378 Λ.
718 4323 876 4379 518835.
921 4309 1071 4394 ἀμύμονος
1099 4314 1247 4382 Αἰακίδαο
