3148 4994
705 461 765 525 107

193 611 392 695 μοοθένη-ν)“
403 615 463 694 ³¹).
507 615 566 676 Sed
582 597 715 676 isondum
731 589 888 676 defuerunt
909 615 959 694 qui
978 607 1058 690 ζαῆν’
1080 605 1189 690 ἄνομον
1210 635 1279 692 pro·

191 723 262 780 bore
285 719 421 792 mellent,
450 717 487 776 de
517 717 624 796 quibus
652 719 711 778 hoo
732 717 936 779 testimonium
963 720 1100 778 servetur
1126 717 1160 776 in
1181 719 1216 776 E.
1235 717 1278 776 M.

192 823 264 894 407,
287 827 320 883 1:
351 811 392 890 oie
413 811 496 897 παρὰ
517 811 550 880 ro⁸
574 814 652 878 σέτω
680 815 916 899 plectentium,
947 811 1044 888 οὕτως
1069 810 1151 895 παρὰ
1173 810 1206 879 τό
1230 810 1275 877 t'e

193 916 265 998 ὕην·
288 917 337 982 καὶ
360 913 433 996 ζᾶην
455 912 526 995 μετα
548 922 602 980 τοῦ
624 923 686 993 ζα-·
716 915 750 982 vd
774 915 830 1000 γαρ
851 917 960 982 τέλειον
982 912 1073 996 ζάηνα
1096 911 1137 990 οἷς
1158 916 1279 994 πέτηνα,

193 1022 220 1082 sl
233 1015 276 1100 μῆ
292 1016 358 1082 κατ’
377 1019 520 1098 ἔκθλιψιν
537 1019 646 1101 γέγονε,
669 1044 743 1104 quos
758 1023 948 1086 Herodianus
965 1043 995 1082 π.
1011 1042 1076 1097 μον.
1091 1020 1144 1093 ser.
1163 1023 1212 1095 17,
1231 1027 1281 1082 15.

192 1128 236 1188 Π.
253 1148 283 1204 p.
301 1131 360 1184 923
385 1124 427 1200 (π.
450 1127 526 1182 παθ.
543 1125 586 1184 II.
609 1145 637 1202 p.
655 1131 726 1199 345,
748 1125 895 1203 14-19)
922 1125 1067 1186 refutavit
1091 1129 1196 1202 utpote
1226 1117 1281 1200 οὐχ

193 1220 287 1306 dysme
308 1227 395 1286 τοῦτο
416 1217 512 1304 (ζαῆν)
535 1224 816 1305 παραληψομένους,
839 1213 877 1288 οὗ
897 1227 996 1287 πίστιν
1012 1221 1122 1299 ὀφείλει
1142 1223 1171 1297 ἐξ
1186 1218 1283 1286 ἄλλον

192 1322 334 1388 πτώσεων
350 1323 553 1406 παραθέσθαι.
596 1329 666 1406 Ipso
683 1331 771 1408 paulo
785 1330 881 1390 {usius
903 1331 939 1389 de
957 1329 1110 1408 disyllabis
1126 1330 1280 1390 edieotivis

192 1433 226 1492 in
247 1432 286 1506 ῆν
307 1429 482 1490 sudentibus
511 1431 666 1507 disputans
694 1437 729 1492 ut
750 1453 867 1511 sempor
894 1437 997 1492 ocutus
1022 1431 1055 1490 in
1076 1432 1182 1492 ultimo
1203 1437 1282 1492 esset

174 1533 371 1613 postulavit,
400 1553 429 1593 r.
452 1551 483 1590 π.
505 1536 577 1591 καθ.
602 1553 653 1610 πρ,
671 1555 699 1612 p.
717 1538 766 1607 59,
786 1539 835 1594 24.
867 1554 897 1594 π.
915 1527 971 1592 'Il-
993 1553 1043 1612 πρ.
1059 1535 1100 1594 ΙΙ.
1123 1554 1152 1611 p.
1169 1539 1219 1594 81.
1247 1554 1280 1592 π.

192 1630 253 1694 'Od
272 1656 321 1713 πρ.
335 1635 379 1694 Π.
396 1654 425 1711 p.
444 1639 520 1694 144:
542 1627 575 1691 od
599 1626 669 1708 ζαῆς
691 1626 732 1706 οἷς
753 1629 900 1696 σύνθετον
921 1626 1063 1705 ὀξύνεται.
1086 1632 1283 1713 παραιτητέον

193 1734 226 1798 δὲ
248 1729 319 1808 τούς
339 1731 542 1813 βουλομένους
563 1729 714 1814 βαρύνειν,
738 1735 808 1806 ἴσως
830 1734 1037 1812 πλανηθέντας
1062 1734 1095 1798 ἒκ
1117 1739 1169 1814 τῆς
1191 1735 1282 1796 αι’τια·

194 1841 280 1914 ταιῆς
302 1839 355 1914 τῆς
376 1834 418 1907 εἰς
439 1843 458 1896 ῖι
480 1837 718 1914 περατοθείσηςι
749 1840 844 1914 ,ζαῆν
865 1831 995 1912 ἄνεμον*
1017 1859 1046 1914 μ.
1064 1845 1142 1912 313;
1163 1840 1283 1899 lueidis·

195 1943 270 2002 sime
293 1959 362 2002 vero
391 1941 429 1998 ad
450 1940 481 1998 b.
500 1938 521 1998 l.
539 1940 580 1999 H.
603 1961 632 2018 p.
652 1945 710 2000 154
738 1941 773 2000 de
794 1942 852 2000 hoo
875 1941 1029 2001 disseruit:
1058 1942 1147 2001 τοῦτο
1170 1937 1202 1999 δὲ
1224 1938 1283 1999 ἔδει

194 2039 284 2122 χωρὶς
303 2043 357 2102 τοῦ
373 2041 458 2116 ῦζαῆ
481 2031 522 2110 οἷς
537 2033 635 2118 ἇκραῆ
655 2038 794 2117 Ζέφυρον
811 2041 852 2120 (β.
867 2043 951 2120 421).
974 2039 1051 2102 ἔστιν
1065 2029 1123 2100 οὖν
1139 2035 1283 2102 Αἰολικὸν

196 2139 230 2204 sd
254 2137 326 2220 μετὰ
348 2144 402 2204 τοῦ
423 2141 441 2199 ’ν
462 2139 513 2201 καὶ
536 2140 595 2202 ἔδει
617 2137 690 2204 αὐτὸ
707 2142 856 2214 Αἰολικῆς
870 2138 1054 2223 βαρύνεσθαι
1070 2136 1111 2214 ὥς
1125 2138 1158 2203 od
1182 2142 1283 2217 ,,αἰνο·

196 2241 303 2323 πάθην
320 2237 436 2323 πατρίδ’
458 2239 634 2320 ἐπόψομαιίί
652 2240 733 2323 παρα
758 2241 947 2324 Ἀνακρέοντι
968 2248 1017 2325 (fr.
1036 2253 1085 2320 36,
1107 2249 1158 2306 ubi
1175 2248 1282 2322 Bergk.

197 2351 274 2410 mule
304 2346 459 2423 αἰνοπαθῆ
490 2349 634 2428 scripsit),
666 2342 685 2408 d
712 2345 744 2410 δὲ
771 2341 955 2427 Ἀρίσταρχος
981 2346 1055 2424 φησὶ
1077 2351 1282 2429 περισπᾶσθαι

196 2449 247 2512 καὶ
263 2443 359 2520 οὕτως
374 2447 432 2526 ἔχει
450 2440 470 2526 ῆ
486 2445 659 2529 παράδοσις,
683 2455 719 2512 of.
738 2449 868 2513 Oromeri
884 2471 931 2510 on.
943 2453 1011 2510 Per.
1025 2453 1085 2511 III.
1102 2471 1129 2528 p.
1146 2458 1216 2525 480,
1233 2456 1282 2511 31.

198 2555 256 2614 Sed
276 2571 454 2633 quemquam
476 2555 568 2612 verba
585 2554 800 2614 dubitationem
821 2573 882 2612 non
905 2553 1065 2612 admittunt
1085 2574 1183 2634 neque
1204 2557 1284 2613 Ano·

199 2661 354 2715 oreonteus
383 2674 480 2732 nequo
507 2655 684 2716 Homericus
713 2655 880 2718 Aeolismus
909 2676 927 2714 e
955 2656 1056 2714 multis
1084 2657 1285 2716 recentiorum

198 2759 288 2818 fidem
301 2757 425 2834 aooepit,
447 2777 476 2818 ν.
488 2757 625 2818 Dindorl.
641 2765 703 2820 not.
718 2759 750 2818 in
766 2779 833 2836 app.
849 2759 886 2817 ud
902 2758 993 2818 schol.
1007 2759 1111 2836 Odyss.
1128 2761 1172 2817 ed.
1186 2760 1283 2818 Oxon.

200 2881 228 2937 p.
245 2863 315 2920 788.
339 2864 369 2920 et
386 2859 515 2919 Lobeok.
533 2861 636 2938 perell.
654 2883 681 2938 p.
697 2866 766 2921 160.
791 2861 841 2940 qui
858 2867 958 2920 temen
979 2860 1013 2919 in
1031 2861 1096 2918 edd.
1114 2882 1143 2938 p.
1159 2865 1229 2919 543.
1251 2859 1284 2918 in

201 2965 278 3021 beno
299 2961 476 3024 sententium
492 2964 650 3023 eonoeesit:
671 2983 795 3036 „verum
816 2963 969 3036 vulgarem
984 2962 1145 3021 soousetivi
1159 2963 1285 3020 formem

201 3065 280 3143 (ζαῆ)
303 3064 511 3139 grammaticus
532 3065 584 3124 ille
606 3064 659 3126 vix
679 3065 779 3144 ulique
802 3066 1006 3126 confirmasset
1026 3063 1210 3136 testimonio,
1233 3063 1286 3122 sed

202 3187 269 3228 oum
290 3159 361 3242 ζαην
383 3166 543 3226 contulisse
566 3167 685 3226 videtur
708 3159 911 3242 αἰνοπάθην“.
953 3168 1133 3246 Plerumque
1162 3167 1215 3240 ζαῆ
1235 3165 1286 3226 vel
1329 3243 1334 3256 .

202 3289 268 3328 oum
283 3268 456 3328 Aristeroho
480 3269 551 3344 ζαῆν
572 3269 646 3328 viris
665 3270 758 3328 doetis
773 3269 926 3345 probabile
948 3270 1007 3328 fuit
1020 3274 1139 3346 praeter
1154 3268 1285 3328 Doeder-

201 3371 326 3430 leinium
357 3371 409 3450 qui
437 3371 482 3430 rei
514 3373 668 3433 novendee
699 3377 783 3430 tenta
814 3372 964 3433 laboravit
992 3371 1222 3450 intemperantis
1251 3375 1286 3427 ut

203 3474 352 3535 cumulum
373 3465 615 3551 tempteminibus
637 3474 759 3535 adderet
784 3474 937 3551 proposito
959 3465 1059 3549 ζαῆντ’
1087 3493 1140 3550 pro
1163 3464 1285 3547 ζαῆοντα

202 3576 279 3636 siout
299 3575 423 3649 τιμῆντα
439 3577 474 3632 Σ.
489 3575 560 3636 475.
583 3577 615 3636 in
637 3576 725 3650 gloss.
744 3577 831 3635 Hom.
848 3577 874 3634 I.
895 3598 924 3636 n.
944 3582 969 3636 1.
988 3597 1017 3652 p.
1032 3581 1058 3634 1.
1101 3575 1197 3634 Miror
1216 3592 1284 3648 pro·
1330 3587 1336 3601 ·

201 3680 280 3738 fecto
303 3677 382 3756 quod
396 3678 562 3738 Ahrensius
578 3679 629 3758 qui
652 3670 824 3751 αἰνοπὰθην
839 3679 916 3736 bene
936 3677 1069 3736 defendit
1083 3674 1285 3754 adtribuitque

201 3781 306 3840 Ionioo
328 3785 435 3858 poetae
460 3779 496 3846 de
523 3779 601 3838 mist.
624 3780 692 3840 diel.
715 3799 744 3856 p.
762 3784 816 3850 65,
847 3781 911 3857 ipse
938 3779 971 3838 in
999 3798 1119 3852 gramm.
1142 3775 1168 3853 §-
1186 3781 1235 3849 28,
1257 3782 1284 3835 3.

201 3904 230 3960 p.
248 3883 287 3940 27
311 3883 381 3956 ζαῆν
403 3887 572 3958 corruptam
593 3881 751 3944 leotionem
774 3903 838 3942 esse
865 3902 919 3958 pro
943 3882 995 3955 ζαῆ
1010 3905 1054 3930 π
1067 3874 1133 3950 ζαὲα
1155 3878 1286 3937 iudioere

203 4005 293 4046 susus
313 3989 368 4045 est.
410 3985 487 4044 Nam
508 3983 579 4058 ζαην
602 3983 673 4043 setis
694 3988 835 4044 testatum
857 3989 916 4055 est3
939 3982 1084 4042 contendo
1106 3981 1200 4055 igitur
1221 3999 1283 4038 eom

204 4087 298 4146 solum
320 4107 358 4145 ex
374 4085 497 4145 Aeolide
513 4106 567 4163 pro
584 4085 770 4162 ζα·αΕε(ο)αν
786 4086 836 4163 (ol.
853 4077 907 4153 ι’ίος
922 4083 1067 4161 Heeyoh.)
1085 4083 1183 4144 evolvi
1200 4101 1286 4160 posse

271 4219 316 4285 ³1)
333 4222 363 4269 es.
382 4221 488 4281 Adelph.
501 4221 582 4268 Hertii
600 4220 630 4267 de
642 4220 757 4280 Dionysii
768 4219 870 4267 Thracis
884 4219 1057 4279 grammaticae
1074 4219 1179 4279 epitome
1196 4205 1286 4278 partim

203 4307 295 4356 inedito
312 4319 399 4354 comm.
417 4321 479 4365 quoe
498 4311 535 4356 est
553 4308 579 4353 in
595 4319 679 4366 progr.
697 4318 779 4365 gymn.
797 4305 950 4353 lerinenstad.
970 4305 1050 4352 Berol.
1070 4306 1142 4353 1871.
1161 4317 1184 4364 p.
1198 4305 1239 4352 19.
