3148 4994
815 479 857 542 90

291 633 416 708 νητταρά
440 667 477 686 -,
505 653 566 692 nou
590 639 688 694 tamen
714 651 845 713 unquam
869 634 928 694 fuit
952 633 984 692 in
1007 633 1172 694 Graecitete
1195 628 1318 706 νησιαίο
1338 663 1379 676 -

291 755 348 811 ope
365 735 466 794 suffixi
481 735 519 809 jc
535 735 675 808 deducto,
698 737 782 796 cuius
800 736 917 812 spirans
933 737 982 796 vel
1005 733 1220 814 antiquissimis
1238 734 1380 811 tempori·

292 839 348 895 bus
374 836 467 896 eiecta
484 841 530 896 est
548 838 626 897 sicut
640 838 672 898 in
690 839 791 900 verbis
803 836 1035 898 denominativis
1057 837 1107 896 vel
1120 837 1153 896 in
1170 837 1233 898 iota
1247 836 1382 896 emollita

291 939 323 996 in
351 939 490 998 universa
513 939 617 1016 lingua
641 941 749 1000 sensim
778 941 994 1018 explodebatur
1020 939 1098 1000 sieut
1118 939 1151 997 in
1174 959 1253 998 nem.
1278 957 1379 1015 propr.

290 1031 427 1116 Ἑρμείας
438 1046 468 1100 et
483 1031 607 1119 Ἐρμέας
618 1029 739 1112 Αἰνείας
752 1038 901 1112 οτΑίνέας
914 1041 963 1102 vel
974 1041 1078 1102 edicet
1093 1032 1209 1117 κήλειος
1228 1051 1258 1099 et
1274 1032 1381 1116 τήίιος

292 1136 411 1216 eridane
435 1151 466 1204 et
488 1138 595 1220 κήσεος
619 1143 685 1206 aliis
710 1146 757 1204 vel
778 1146 858 1219 vulg.
882 1135 927 1203 οἷεί
954 1163 1008 1221 pro
1025 1138 1082 1201 risi
1097 1135 1150 1201 ίιίν
1166 1159 1220 1219 pro
1240 1135 1320 1211 είιίν,
1350 1163 1380 1201 v.
1403 1209 1406 1214 ¹

290 1244 397 1306 Christ
413 1266 440 1322 p.
457 1247 511 1316 473
535 1247 655 1306 minime
670 1266 742 1306 vero
762 1247 836 1306 baec
852 1245 1000 1323 conopeo
1017 1244 1150 1305 Aeolidis
1170 1244 1308 1305 cancellis
1326 1265 1379 1321 po·

292 1351 352 1407 tcst
370 1348 508 1408 coerceri.
553 1349 658 1428 Neque
674 1349 785 1409 vocalis
801 1367 815 1406 ι
834 1349 928 1424 magis
944 1348 1047 1407 Ionica
1068 1353 1216 1427 astquam
1236 1368 1254 1402 α
1276 1365 1380 1426 quam·

293 1469 380 1529 quam
396 1450 427 1508 in
446 1451 518 1508 lade
535 1450 646 1510 vocalis
663 1469 676 1509 ε
693 1451 821 1510 studium
837 1450 979 1511 latissime
992 1451 1104 1527 patuit3
1126 1469 1193 1508 uam
1205 1450 1238 1508 in
1255 1449 1379 1529 antiquo

290 1551 422 1611 Ioniemo
448 1572 536 1631 quem
559 1553 806 1630 deprehendimus
827 1553 860 1611 in
877 1552 1045 1612 Homericis
1066 1551 1247 1612 carminibus
1261 1551 1381 1611 vocales

291 1652 407 1713 vicinae
424 1654 595 1730 saepissime
619 1658 656 1714 ad
680 1674 712 1714 se
728 1655 855 1714 invicem
881 1653 1140 1725 adsimilemntur,
1170 1655 1248 1712 unde
1273 1657 1344 1714 ante
1361 1674 1381 1709 α

292 1741 510 1815 terminationis
525 1757 685 1818 thematioa
701 1757 831 1833 gentum
848 1756 959 1816 vocalis
978 1756 1136 1828 remansit,
1159 1761 1264 1816 conba
1278 1775 1298 1829 η
1313 1773 1380 1814 eam

292 1856 337 1914 sni
370 1857 540 1918 similiorem
570 1859 699 1918 reddidit
727 1858 760 1916 in
789 1877 817 1930 r,
857 1859 893 1917 of.
917 1857 1049 1918 Curtium
1083 1859 1211 1918 Ilrleeut.
1242 1875 1272 1934 p.
1296 1854 1380 1938 98s9.

291 1960 370 2018 Male
389 1979 477 2035 porro
493 1962 574 2020 Eust.
593 1967 624 2020 et
637 1961 724 2036 Greg.
735 1961 799 2020 Gor.
818 1961 854 2018 de
869 1960 937 2019 dial
956 1959 1041 2019 Aeol
1058 1959 1084 2037 5.
1097 1966 1137 2019 88
1154 1980 1182 2037 p.
1196 1965 1256 2020 609
1275 1955 1380 2033 ἵταρος

293 2057 435 2137 sterpeto
454 2064 507 2120 τοῦ
525 2067 537 2120 ἱ
555 2082 609 2140 pro
632 2058 748 2136 ἑταῖρος
767 2061 897 2138 positum
913 2061 1032 2120 Aeolidi
1058 2062 1259 2122 tribuentibus
1277 2061 1380 2122 Amei-

292 2164 353 2223 sius
373 2164 564 2236 auscultavit3
587 2165 686 2241 potnit
701 2163 780 2222 enim
803 2182 867 2223 oum
893 2165 995 2224 eodem
1012 2163 1089 2224 hene
1114 2164 1331 2240 correptionem
1349 2167 1381 2224 et

292 2267 350 2326 hoc
371 2266 541 2343 exemplum
565 2267 655 2326 etiam
672 2265 787 2328 Atticis
805 2272 836 2325 et
857 2265 987 2327 Doribus
1009 2266 1050 2343 (v.
1074 2267 1110 2326 de
1126 2265 1195 2326 dial.
1213 2269 1274 2326 stt
1288 2265 1314 2344 5.
1327 2270 1379 2325 30.

291 2389 319 2446 p.
336 2369 398 2446 75.)
418 2376 450 2430 et
467 2370 592 2429 Ionibus
614 2370 663 2446 (de
682 2369 749 2428 dial.
767 2370 832 2428 Ion.
851 2367 876 2446 5
888 2373 938 2428 53.
954 2389 982 2446 p.
995 2367 1079 2444 457.)
1103 2367 1269 2442 vindicare,
1300 2368 1378 2448 quod

292 2491 413 2548 gramm.
431 2471 622 2547 Augustanus
648 2489 767 2551 quoque
783 2470 922 2548 probavit
947 2471 984 2530 de
1000 2470 1067 2530 dial.
1091 2472 1153 2531 att.
1174 2467 1201 2548 5.
1215 2471 1241 2528 7.
1259 2489 1289 2546 p.
1301 2470 1378 2539 6723

291 2576 417 2634 tortasse
433 2573 548 2633 etamsi
565 2593 677 2632 memor
694 2573 808 2646 fuisset,
831 2574 935 2634 eodem
949 2573 1138 2632 Homericam
1151 2591 1255 2632 vocem
1270 2565 1379 2647 ripales

292 2697 317 2754 γ.
340 2680 400 2734 444
431 2677 571 2735 traxisset
599 2695 688 2756 quom
714 2676 791 2752 apud
818 2675 1057 2754 Hierapytnaeos
1081 2675 1236 2734 Cretenses
1253 2671 1378 2750 ἀίρινίον

292 2777 440 2838 audivisse
457 2775 601 2836 Borsillus
625 2778 710 2836 testis
727 2785 787 2850 eet,
817 2779 895 2857 quod
914 2777 1046 2837 Homero
1064 2776 1262 2852 Apollodotus
1286 2778 1376 2837 urbe

292 2879 404 2940 niensis
423 2879 540 2939 restitui
558 2889 691 2940 suaserat
702 2881 750 2958 (cf.
767 2879 858 2940 schol.
882 2879 993 2938 Herod.
1012 2900 1042 2937 ιι.
1063 2871 1122 2937 Ὀδ.
1140 2899 1190 2957 ιιρ.
1207 2881 1248 2938 ΙΙ.
1265 2899 1293 2957 p.
1310 2885 1377 2938 13⁸.

291 2982 450 3042 Lentuad
474 2983 498 3054 I,
518 2987 588 3040 360.
621 2985 703 3044 Erret.
722 3003 751 3060 p.
773 2983 860 3055 leet,
877 2983 927 3041 37.
962 2982 1237 3059 wachowe),
1272 2973 1380 3058 (ποτὶ

292 3077 455 3160 αἱμοᾶόχον
481 3079 598 3164 ἀγγεῖον
623 3106 651 3144 v.
670 3086 716 3146 ut.
733 3087 773 3145 ll.
792 3089 840 3157 84,
861 3090 909 3144 40.
938 3084 1068 3160 Hesyah.
1087 3082 1222 3156 fluidam,
1252 3085 1308 3144 etsi
1328 3083 1380 3142 alii

292 3187 378 3247 aliter
407 3186 580 3247 derivarunt
607 3187 775 3248 Zenodetus
800 3180 925 3263 deiparae
954 3186 1103 3245 Nicander
1127 3189 1157 3246 et
1179 3185 1380 3246 Theodoridae

293 3309 312 3348 a
341 3282 513 3365 δάμνασθαι
542 3290 594 3348 alii
618 3281 741 3365 οἷμίνιον
762 3315 806 3342 =
824 3280 994 3367 στερητικὸν·
1021 3283 1219 3363 resipiscue,
1249 3283 1381 3346 τουτέστι

292 3393 346 3470 τῆς
378 3393 476 3469 ψυχῆς
499 3393 550 3452 vel
583 3412 639 3451 sec.
669 3393 752 3452 Eust.
781 3384 876 3470 ἤγουν
906 3388 1046 3466 αἵματος,
1077 3410 1105 3449 v.
1134 3389 1293 3450 Geiaiordii
1317 3395 1379 3450 not

292 3497 330 3554 ad
361 3497 394 3554 Ε.
424 3497 463 3552 Μ.
489 3495 640 3554 Παναίτιον
669 3494 705 3552 de
726 3494 795 3552 Zeu.
821 3514 849 3571 p.
874 3495 935 3569 29).
988 3497 1032 3553 Ac
1058 3491 1164 3552 mirum
1189 3492 1308 3572 quidem
1334 3497 1380 3552 eat

293 3600 371 3678 quod
396 3617 482 3656 nemo
505 3602 640 3656 veterum
663 3596 699 3654 de
725 3596 846 3656 Aeolico
870 3601 995 3655 accentu
1012 3600 1042 3656 et
1066 3594 1173 3671 spiritu
1197 3594 1379 3654 mentionem

223 3700 226 3705 ’
292 3701 372 3760 fecit.
416 3701 474 3760 Sed
491 3717 529 3757 ne
545 3699 577 3757 in
593 3699 688 3757 forma
705 3693 902 3778 i'rcpor'quae
916 3697 949 3756 in
964 3696 1057 3758 Iliade
1072 3697 1097 3756 ei
1121 3701 1201 3756 recte
1219 3696 1378 3772 conputari

292 3821 391 3882 neque
420 3803 478 3862 loci
503 3801 603 3862 oculos
625 3800 767 3875 fugerunt
794 3799 962 3876 septuagies
984 3799 1094 3872 sexies,
1124 3799 1156 3856 in
1172 3798 1305 3877 Odyssea
1325 3817 1379 3857 no·

293 3903 397 3980 nagies
413 3913 519 3984 quater
541 3903 650 3979 legitur
666 3922 721 3979 pro
745 3900 860 3977 vulgari
876 3907 908 3961 et
923 3901 1027 3960 Ionica
1050 3895 1165 3979 ἑταῖρος
1186 3919 1263 3981 quae
1281 3905 1381 3960 exstet

291 4006 324 4064 in
344 4006 436 4066 Iliade
453 4006 566 4066 centies
584 4005 685 4078 vicies,
696 4004 741 4063 'in
756 4004 889 4082 Odyssea
904 4003 1016 4063 centies
1033 4002 1209 4082 quadragies
1224 4008 1278 4073 tar,
1302 4021 1379 4062 eem-

292 4127 346 4184 per
367 4109 444 4184 apud
471 4108 658 4168 Herodotum
684 4107 727 4185 (et
752 4099 841 4184 ἑτάρη
865 4108 900 4164 Δ.
919 4109 990 4164 441.
1029 4100 1211 4182 ἑταρίσσαιτο
1243 4105 1282 4162 Ν.
1307 4109 1377 4164 teu.

293 4215 397 4269 contra
418 4206 519 4288 ἑταίρη
545 4210 569 4268 Ι.
584 4215 612 4268 2.
644 4230 672 4288 ρ.
690 4211 760 4268 271.
792 4203 950 4286 ἑταιρίσσαι
974 4206 1014 4264 Ω.
1038 4211 1121 4283 335.)
1156 4207 1295 4268 Aeolicus
1317 4206 1378 4265 dia·

292 4311 363 4371 lecti
386 4313 423 4371 eb
448 4311 619 4372 Homeridie
643 4312 786 4374 innixtae
812 4329 1004 4388 agnoscamus
1028 4310 1250 4383 documentum,
1282 4309 1381 4370 obstet
1407 4391 1408 4396 ρ
