3092 4996
637 529 716 630 Ι19

152 688 271 746 oF-iu
297 689 398 746 fronte
425 686 517 746 fuisse
539 682 611 766 [luca
641 684 748 744 alarius
775 685 917 745 evincunt
944 685 1003 744 akr.
1034 683 1155 759 svtdns,
1186 687 1236 747 lat.

152 789 263 862 suavis,
293 789 392 848 theod.
420 787 503 848 suari
529 787 571 863 (v.
592 785 686 859 Giese,
715 789 776 844 249
793 805 846 864 aq„
868 787 948 844 (lurt
968 783 1075 867 21415)
1097 791 1128 846 00
1149 773 1237 879 viaco,

151 889 233 950 cuius
249 889 330 965 origo
346 891 479 950 nondum
494 892 540 948 est
554 887 708 948 enucleata
724 888 818 963 (Cart.
836 889 920 963 544),
944 887 1129 964 provulgari
1145 879 1238 964 ἡδονὴ

149 991 239 1071 (quae
254 1011 315 1050 non
331 995 376 1052 est
390 992 468 1067 apud
482 990 658 1064 Homerum)
673 981 814 1066 atriplice
829 988 981 1049 Aeolicam
997 988 1122 1065 psilosin
1137 1007 1242 1066 passas*

150 1113 215 1154 esse
237 1095 429 1166 contendunt,
452 1093 585 1152 Curtium
606 1112 635 1167 p.
652 1095 712 1150 500
736 1095 767 1150 00
786 1091 964 1150 Larochinm
986 1111 1015 1167 p.
1032 1093 1109 1163 2703
1139 1111 1239 1172 nequa

150 1195 230 1255 enim
245 1194 411 1254 Herodiani
427 1195 585 1254 auctoritas
599 1193 713 1252 sufficit
725 1193 776 1272 qui
791 1212 895 1253 vocem
909 1179 994 1268 ἦδος,
1016 1213 1105 1273 quam
1118 1193 1239 1272 Trypho

150 1302 274 1374 propter
295 1290 425 1371 ἥδεσθαι
446 1315 549 1372 aspero
572 1295 611 1372 (v.
628 1294 746 1354 Valsen.
761 1295 798 1355 fr.
820 1314 849 1370 p.
867 1295 908 1372 7),
930 1293 1118 1356 Ptolemaeus
1139 1301 1239 1356 autam

151 1397 325 1458 Ascalonita
346 1403 377 1458 et
396 1398 526 1458 Alesion
553 1396 602 1473 (cf.
620 1397 711 1456 schol.
731 1401 767 1456 A.
790 1397 826 1460 ad
842 1397 868 1456 I.
885 1397 917 1473 6)
939 1396 1001 1456 leni
1021 1396 1238 1475 instnixerunt,

151 1499 250 1558 lenem
270 1500 380 1558 habero
407 1500 483 1559 sicut
509 1499 609 1558 omnia
631 1498 777 1577 bisyllaba
798 1499 943 1558 vocabula
971 1518 989 1557 a
1013 1499 1110 1560 vocali
1131 1505 1239 1562 natura

151 1599 241 1674 longa
260 1601 435 1677 incipientia
456 1602 556 1661 docuit
575 1601 608 1658 in
631 1601 780 1679 symposio
796 1603 829 1660 II
849 1621 878 1677 p.
895 1606 965 1675 904,
990 1606 1029 1660 20
1046 1611 1092 1681 sq:
1112 1603 1239 1664 addens:

151 1694 229 1760 οὕτω
252 1696 284 1760 δὲ
305 1697 355 1762 καὶ
377 1696 410 1762 to*
433 1689 513 1781 ἦμαρ
529 1697 801 1779 μετασχηματισθὲν
816 1695 877 1763 ἀπό
900 1704 955 1762 τοῦ
971 1694 1065 1782 ἡμέρα
1081 1693 1123 1774 ὥς
1137 1701 1187 1766 καὶ
1203 1697 1236 1765 τό

152 1789 223 1879 ἦδος
239 1801 388 1874 Alcanor
411 1797 470 1864 cinci
493 1807 546 1882 τῆς
563 1795 686 1882 ἡδονῆς,
709 1804 912 1880 (σεσημείωται
928 1839 971 1850 --
987 1796 1021 1864 τὸ
1043 1791 1114 1882 ἧλος
1130 1804 1239 1866 δασυν-

149 1900 231 1981 οἑν),·
254 1912 353 1966 tamen
375 1927 473 1986 neque
495 1908 678 1986 antiquiores
699 1908 812 1966 formae
833 1894 906 1982 ἦδος
928 1911 959 1968 00
980 1893 1060 1984 ἦμαρ
1083 1911 1119 1968 01)
1133 1928 1238 1968 recen-

149 2007 276 2070 tioribus
287 2009 471 2068 descendunt
483 2013 514 2068 et
524 2009 647 2068 Aeolica
658 2008 800 2068 disiectus
812 2010 1024 2070 conformasset
1033 1995 1107 2078 ἆδος
1118 2010 1167 2087 (cf.
1179 1996 1239 2070 aito

149 2110 214 2168 Alc.
232 2116 280 2183 36,
304 2115 331 2168 3.
363 2110 473 2185 Sapph.
492 2115 521 2183 2,
546 2115 572 2167 3.
605 2103 769 2183 ἆόύφωιὲον
791 2110 818 2168 S.
836 2111 889 2187 61)
912 2117 944 2170 et
964 2096 1042 2187 ἆμαρ
1065 2109 1114 2189 (ef,
1129 2113 1239 2174 Dorica

150 2203 305 2288 ἐπάμερος,
329 2204 538 2289 πεμπτάμερος
559 2231 635 2291 quae
656 2213 729 2272 Ahr.
744 2213 785 2270 II.
808 2233 837 2289 p.
854 2218 893 2272 40
917 2233 934 2272 e
952 2213 1082 2272 Pindaro
1104 2213 1237 2291 adtulit);

149 2314 224 2372 hacc
247 2332 366 2392 quoque
389 2309 508 2388 psilosis
529 2315 566 2372 ad
587 2314 714 2390 priscam
729 2314 830 2372 Iadem
851 2315 991 2390 pertinet.
1034 2315 1236 2374 commemoro

149 2415 238 2474 etiam
261 2413 435 2475 adverbium
457 2405 554 2483 αὕτως
576 2415 743 2474 sexcenties
769 2417 849 2491 apud
870 2416 1034 2476 Homerum
1063 2417 1183 2478 obvium
1205 2417 1239 2478 in

151 2537 210 2596 quo
233 2516 416 2576 enucleando
438 2517 621 2590 grammatici
642 2517 730 2576 valde
751 2517 886 2594 occupati
907 2518 1026 2597 fuerant
1049 2519 1094 2578 ita
1113 2523 1148 2580 ut
1167 2538 1239 2580 mox·

150 2617 262 2691 lenem,
293 2638 364 2678 mox
390 2637 527 2694 asperum
554 2619 776 2690 confirmarent;
807 2619 980 2680 Eustathius
1007 2621 1127 2700 quidem
1152 2621 1239 2684 illum

150 2722 280 2798 probans
294 2719 417 2796 psilosin
433 2741 461 2796 p.
474 2721 542 2793 187,
559 2725 608 2794 20,
631 2725 701 2793 235,
719 2726 736 2779 5
752 2721 913 2794 Aeolicam,
929 2727 1032 2782 contra
1045 2742 1074 2798 p.
1090 2723 1179 2797 1755,
1198 2728 1236 2783 12

151 2821 260 2882 oblitus
276 2823 347 2902 quid
362 2827 450 2882 antea
464 2823 631 2899 scripsisset
644 2824 776 2882 Ionicam
790 2824 925 2895 vocavit;
945 2823 1043 2884 minua
1057 2829 1137 2885 recte
1152 2826 1237 2886 Butt-

150 2943 276 2984 manuus
297 2925 331 2982 in
352 2924 511 2997 Lexil.14,
533 2945 562 3001 p.
579 2931 715 2984 33-39
739 2926 818 2984 inter
839 2917 938 2994 αὕτως
959 2932 990 2985 00
1015 2917 1112 2996 αὕτως
1133 2927 1236 2988 diacri-

150 3045 219 3088 men
241 3027 320 3104 quod
342 3027 483 3102 pusillum
506 3034 558 3100 est,
581 3029 772 3099 odorabatur,
794 3027 978 3103 probabilius
1000 3035 1099 3090 autem
1120 3031 1177 3093 hoc
1199 3032 1237 3090 ab

151 3118 242 3196 αὐτός
263 3129 428 3201 derivatur,
451 3131 567 3209 quade
589 3149 622 3189 re
644 3136 770 3204 egerunt
790 3129 995 3203 Hermaeum,
1018 3151 1065 3207 op.
1081 3131 1106 3192 Ι.
1129 3152 1157 3208 p.
1175 3137 1237 3194 308

152 3234 234 3288 -42
257 3235 288 3288 00
308 3230 455 3290 Lindems
477 3251 506 3307 p.
523 3236 593 3290 391.

236 3329 352 3392 Quibus
374 3333 518 3408 exemplis
540 3334 612 3394 satis
634 3333 834 3394 demonstravi
849 3331 1059 3406 neceaseesse,
1083 3339 1117 3394 ut
1130 3336 1236 3415 exqui-

150 3429 237 3490 sitius
258 3431 448 3492 discernatur.
548 3457 549 3464 ¹

248 3619 274 3678 Ι.
306 3609 482 3696 antiquioris
504 3623 642 3683 Aeolioae
664 3623 783 3700 psilosis
805 3623 941 3698 exempla
963 3623 1136 3682 Homerica:

237 3738 267 3815 l)
289 3737 405 3797 Aeolici
422 3741 605 3812 pronominis
619 3743 729 3804 formas
751 3734 845 3818 ἄμμες
867 3731 941 3817 ὔμμι
965 3733 1042 3816 ἄμμε
1063 3740 1235 3817 primigeni-

149 3846 213 3902 tum
238 3840 337 3899 lenem
368 3860 486 3901 servare
515 3844 574 3902 skr.
605 3851 699 3906 cernat
727 3847 826 3914 docet;
857 3844 959 3924 itaque
989 3862 1075 3919 asper
1102 3843 1239 3922 vulgaris,

147 3943 260 4002 formae
282 3933 367 4018 ἡμεῖς
388 3944 563 4004 subditicios
585 3951 630 4005 est
648 3966 814 4027 magnaque
836 3965 902 4006 cum
924 3945 1133 4022 probabilitate
1156 3949 1236 4026 quod

148 4044 354 4106 cendebaeo.
378 4047 479 4106 Curtio
501 4035 529 4124 p.
548 4053 624 4120 642,
654 4068 693 4108 cx
720 4049 857 4124 analogia
877 4047 1062 4124 pronominis
1088 4050 1236 4112 secundae

148 4141 292 4223 personae
315 4148 458 4224 originem
481 4151 590 4222 traxit,
620 4170 687 4210 cum
709 4151 833 4212 aliorum
856 4149 991 4228 opinioni
1016 4149 1067 4230 qui
1089 4168 1156 4210 eum
1178 4168 1235 4212 οσ

147 4254 251 4317 ¹natum
267 4255 297 4310 et
313 4250 346 4308 in
359 4251 459 4310 fronte
477 4253 607 4328 positum
622 4271 687 4311 esse
701 4253 862 4314 voluerunt
884 4250 976 4328 (Ourt.
992 4257 1062 4312 640.
1082 4253 1118 4311 dc
1133 4254 1233 4314 Verbo

969 4353 1016 4416 24}
