3092 4996
630 516 744 582 .15

179 667 272 733 πολλοὶ
293 666 362 751 παρ’
385 666 484 732 αὐτῶν
506 664 670 749 εὑρίσκεται
695 667 737 741 εἰς
758 693 806 747 μι,
837 671 1000 732 sententias
1022 671 1210 731 Herodianus
1233 691 1264 729 π.

178 777 238 836 τῶν
255 772 298 846 εἰς
317 797 364 852 μι,
386 778 427 835 II.
452 781 523 848 825,
547 777 691 853 3.10sq.
714 773 887 851 inprobavit
908 772 956 830 his
976 771 1091 831 verbis:
1116 769 1210 831 ἰστέον
1232 769 1265 832 δέ

179 871 224 938 ότι
246 873 388 956 ἐλέγχεται
409 870 471 937 ιἰιιδ
495 874 637 934 πλείστων
653 867 694 951 μή
710 867 782 934 όντα
796 867 937 934 Αλολιιιιὶ·
960 869 1010 932 καλ
1024 865 1081 953 γαρ
1097 865 1159 932 σἰιιό
1174 867 1266 932 τόνου

177 977 228 1038 καλ
251 973 312 1040 ἅπό
335 978 456 1048 κλίσεως
477 974 527 1037 καλ
550 968 609 1035 οἷπό
633 979 752 1054 γραφῆς
779 973 829 1036 καὶ
851 967 913 1034 ἀπό
937 968 1105 1051 πνεύματος
1130 972 1179 1033 καλ
1204 969 1264 1034 ιἰπό

178 1077 345 1157 ποσότητος
366 1079 519 1158 συλλαβῶν
546 1075 597 1138 καὶ
619 1071 681 1138 ἆιτό
708 1081 769 1138 τοῖν
788 1071 1002 1158 πρωτοτόκων.
1034 1077 1126 1158 (Gies.
1147 1097 1177 1154 p.
1195 1083 1265 1137 348.

177 1186 252 1244 Ahr.
271 1185 332 1262 17.)

263 1287 391 1344 Formae
412 1280 554 1343 διδοῖσθα
574 1283 624 1343 vel
643 1282 766 1342 Aeolice
788 1282 915 1358 scriptae
938 1279 1079 1340 δλδοισθα
1106 1281 1183 1340 ratio
1205 1303 1266 1341 arn·

178 1386 271 1462 bigua
292 1393 356 1445 erat
381 1392 413 1446 et
438 1386 517 1462 apud
536 1391 653 1446 veteres
680 1390 711 1443 et
737 1385 815 1460 apud
836 1384 1031 1457 recentiorem
1062 1385 1142 1463 quod
1167 1391 1265 1444 autem

179 1488 316 1547 nonnulli
343 1489 376 1547 in
396 1489 493 1556 τιθεῖς
513 1483 609 1556 διδοῖς
632 1485 699 1546 aliis
721 1487 865 1546 eiusmodi
892 1491 1045 1546 accentum
1066 1493 1265 1559 retraxerunt,

179 1588 262 1648 nulla
281 1589 359 1649 iusta
380 1609 468 1649 cansa
488 1590 579 1648 adest.
612 1589 640 1650 τ’.
664 1586 690 1666 5.
709 1592 757 1660 18,
776 1592 823 1648 10.
974 1651 976 1656 ,

179 1743 182 1750 .
262 1692 360 1752 Etiam
380 1692 493 1751 formae
515 1683 701 1767 ἀκάχησθαι,
724 1683 906 1765 ἀλάλησθαι,
934 1682 1135 1766 ἀκαχήμενος,
1158 1681 1264 1767 όλαλή-

177 1809 275 1865 μενος,
297 1783 498 1868 ἀλαλύκτημαι
520 1812 538 1850 a
558 1793 710 1872 plerisque
731 1812 785 1868 pro
807 1791 937 1851 Aeolicis
962 1793 1168 1869 praesentibus
1190 1813 1264 1854 ven-

177 1893 354 1966 ditabantur,
378 1914 558 1975 quamquam
584 1913 656 1954 vera
677 1897 762 1953 erant
784 1894 930 1970 perfecta,
962 1914 1088 1973 qnorum
1116 1895 1163 1954 vis
1192 1915 1264 1954 max

64 2028 67 2033 -
174 1994 259 2072 quasi
281 1999 476 2072 torpescebat.
507 1994 673 2074 (§.118,2.)
697 1987 869 2068 ιἰλιτήμενος
891 2014 1032 2070 praesens
1051 1997 1261 2057 videturesse.

263 2095 295 2173 6)
316 2097 427 2155 Tamen
448 2098 520 2157 iusti
534 2095 678 2156 Aeolismi
700 2101 770 2155 sunt
783 2097 896 2155 formae
918 2087 1057 2174 ἀπούρας
1073 2097 1156 2156 cuins
1172 2099 1265 2156 inusi-

176 2202 272 2256 tatum
289 2205 441 2257 accentum
456 2199 543 2259 multi
558 2199 591 2257 in
609 2188 745 2274 όπονρολς
760 2199 914 2257 mutabant
928 2198 967 2276 (v.
983 2197 1016 2254 in
1029 2199 1164 2258 Passovii
1176 2198 1264 2260 lexic.

177 2319 200 2359 s.
224 2289 389 2374 οἷπαυρόω,
419 2299 639 2375 Westphelium
666 2299 698 2358 in
727 2318 848 2372 gramm.
872 2297 919 2356 Gr.
936 2300 961 2359 I.
984 2304 1012 2357 2.
1035 2319 1063 2375 p.
1083 2305 1144 2358 285
1177 2321 1266 2380 quern

176 2400 278 2458 laudat
293 2400 410 2459 Curtius
426 2403 463 2459 de
478 2401 577 2460 Verbo
592 2401 712 2476 linguae
728 2400 829 2459 Graec.
847 2401 871 2458 Ι.
894 2400 1003 2478 (1873)
1025 2421 1053 2478 p.
1070 2404 1151 2478 193),
1175 2413 1265 2481 atque

176 2494 373 2578 κεκλήγοντες,
396 2503 476 2581 quod
489 2502 523 2561 in
537 2503 627 2561 schol.
644 2503 726 2562 Harl.
744 2504 779 2562 ad
795 2501 819 2571 ξ.
836 2507 876 2560 30
898 2503 1030 2583 alibique
1052 2502 1085 2561 in
1099 2501 1263 2580 pen'ultima

175 2603 266 2663 habet
294 2611 412 2663 acutum
442 2606 482 2683 (v.
505 2605 545 2661 M.
568 2605 862 2684 Schmidtnidym.
884 2625 912 2681 p.
929 2607 1012 2685 207).
1059 2603 1098 2683 (ξ.
1117 2613 1144 2664 3.
1169 2608 1210 2664 Il.
1237 2613 1264 2666 3.

80 2726 87 2738 =
178 2704 203 2783 5.
223 2710 270 2778 rs,
290 2710 336 2764 11.
370 2703 524 2784 §·17‚6-)

262 2808 453 2868 Herodianus
478 2829 566 2886 porro
595 2809 712 2868 unicam
741 2810 867 2868 formam
892 2801 1090 2888 ἐγρήγορθαι,
1121 2829 1175 2886 pro
1206 2831 1266 2891 qua
1357 2799 1359 2802 ⁵

177 2905 357 2987 έγρηγέρθαι
379 2916 548 2986 exspectes,
579 2912 689 2971 diserte
711 2912 769 2970 huc
791 2911 895 2970 retulit
921 2911 955 2970 in
976 2917 1048 2970 καθ.
1072 2933 1122 2990 πρ.
1141 2914 1167 2973 Ι.
1186 2913 1265 2972 467:

177 3009 370 3086 σεσημείωται
398 3005 431 3070 τό
462 3006 646 3090 ἐγρήγορθαι
675 3003 754 3091 (οἷον
777 3014 813 3072 Κ,
834 3015 885 3091 67)
916 3006 962 3072 ότι
984 3011 1202 3092 παρακειμένου
1230 3009 1265 3074 όν

177 3107 446 3191 προπαροξύνεται·
477 3112 544 3192 περὶ
572 3101 609 3173 οὗ
637 3111 714 3174 ἐστιν
736 3111 845 3187 εἰπεῖν,
876 3109 921 3174 ότι
943 3113 1086 3186 Αἰολίδος
1115 3114 1175 3176 ἐστὶ
1202 3116 1265 3177 δια·

177 3211 281 3273 λέκτου
298 3212 348 3273 καλ
365 3209 473 3274 τούτου
486 3209 571 3293 χάριν
585 3208 742 3293 όνεβλβασε
758 3211 811 3276 τόν
825 3210 922 3291 τόνον,
945 3223 976 3278 ct
994 3239 1024 3276 π.
1039 3213 1147 3278 Ἰλιακ.
1164 3241 1214 3298 πρ.
1231 3223 1265 3282 Il

180 3321 220 3380 69
237 3316 280 3392 (ιτ.
292 3321 367 3374 παθ.
379 3319 420 3378 II.
436 3338 465 3394 p.
479 3324 550 3391 246,
569 3321 659 3396 350);
682 3312 714 3378 τό
728 3313 911 3399 ἐγρήγορθαι
925 3313 1094 3399 ιἰνέγνωμεν
1110 3342 1263 3402 προπαρο-

179 3408 328 3490 ξόνοντες,
352 3411 407 3476 οὐκ
429 3415 517 3497 ἐχρῆν
539 3417 587 3479 δέ·
606 3456 649 3466 -
665 3421 736 3497 μίαν
751 3419 851 3497 μέντοι
866 3416 1009 3500 ἀφορμήν
1028 3415 1090 3502 δρῶ
1106 3425 1160 3481 τοῦ
1176 3417 1264 3483 δύνα-

178 3520 252 3576 σθαι
274 3514 557 3597 προπαροξύνεσθαι
578 3518 611 3583 τό
630 3521 651 3582 ἐ.
676 3516 709 3583 τό
732 3517 768 3582 τό
785 3521 828 3593 εἰς
848 3508 913 3582 θῙι
918 3522 1054 3603 λήγοντα,
1076 3527 1114 3608 τῇ
1135 3534 1171 3606 ο“ρ
1194 3530 1262 3585 σολ-

139 3678 141 3686 ,
177 3619 255 3702 λαβῇ
277 3617 520 3699 παραληγόμενα,
549 3618 590 3702 μή
618 3619 686 3704 παρ’
711 3617 782 3709 lap
797 3621 856 3685 τινὶ
870 3609 1010 3709 διαλέκτῳ
1033 3618 1165 3704 δρᾶσθαι
1185 3621 1206 3706 'l
1226 3631 1263 3712 τῇ

177 3719 306 3795 Αέολλδι,
326 3718 476 3801 τέτορθαι,
499 3722 658 3804 μέμορθαι,
681 3725 852 3808 έφθορθαι·
875 3722 949 3787 ὅθεν
972 3726 1036 3788 ἐπεὶ
1056 3721 1077 3806 ή
1100 3724 1264 3809 παρόληξις

178 3822 373 3902 Αἰολικοτέρα
401 3822 531 3904 ἐγένετο,
560 3825 612 3886 καὶ
641 3821 659 3889 ό
688 3824 776 3900 τόνος
803 3823 914 3906 όμολως
942 3835 1006 3900 τοῖς
1032 3830 1263 3909 παρακειμένοις

178 3928 227 4007 (cf.
243 3930 317 3987 Ahr.
333 3930 357 3988 I.
379 3949 407 4006 p.
427 3934 473 3988 16.
492 3949 520 3988 n.
537 3928 604 4006 25);
628 3933 678 3991 sed
700 3933 732 3992 in
754 3933 802 3992 his
822 3933 934 3994 vocalis
956 3957 976 3992 α
993 3919 1144 3994 leolicam
1166 3942 1262 3998 muta-

176 4031 290 4092 tionem
311 4049 399 4107 passa
414 4037 467 4105 est,
490 4052 550 4092 non
570 4050 591 4089 ε.
610 4033 748 4094 Fortasse
766 4035 880 4095 auctori
896 4031 1060 4094 Doloneiae
1080 4037 1131 4117 qui
1152 4057 1180 4098 v.
1199 4043 1260 4099 419

178 4125 380 4211 ἐγρηγόρθασι
401 4135 531 4208 admisit,
554 4135 651 4194 forma
672 4136 830 4196 tribuenda
851 4142 896 4197 est
917 4155 1015 4216 neque
1035 4138 1069 4197 in
1090 4139 1262 4202 melioribus

177 4235 312 4314 partibus
333 4235 443 4311 legitur
461 4229 626 4316 ἐγρήγορθε
647 4237 687 4296 Η.
706 4239 775 4298 371.
799 4241 834 4298 Σ.
854 4244 914 4297 299
938 4237 987 4317 (cf.
1003 4240 1183 4316 Lachmann,
1205 4245 1261 4302 Be·

178 4339 282 4397 tracht.
300 4340 375 4397 iiber
388 4335 525 4398 Homer’s
540 4340 619 4400 Ilias.
638 4360 667 4416 p.
684 4345 732 4400 24.
751 4339 815 4418 80);
837 4347 963 4419 possunt
979 4348 1076 4404 autem
1094 4363 1110 4404 e
1128 4345 1260 4422 perfecto
