3092 4996
661 499 702 577 tr

139 671 267 730 Fortasse
287 669 360 730 illud
376 675 573 730 commentum
594 672 630 730 de
646 671 762 730 diverso
777 689 833 729 usn
855 677 900 730 est
914 676 1038 746 propter
1052 671 1217 732 litterarum

138 771 323 832 mutationem
350 773 489 849 positam
518 772 621 834 veniet
647 771 728 832 enim
755 771 789 830 in
809 775 939 831 mentem
961 772 1049 832 alicui
1071 774 1217 833 Creticam

139 874 257 949 glossam
278 893 367 956 quam
388 875 428 932 M.
447 873 626 934 Schmidtius
647 873 706 934 vol.
721 874 746 932 Ι.
769 893 798 950 p.
817 878 875 932 555
898 874 1047 934 restituit:
1069 867 1216 952 dgpqodr·

139 969 230 1046 ἄσιτος
243 995 296 1054 pro
314 967 448 1052 ἄκμηνος
463 975 634 1052 respicienti
653 981 773 1036 tenuem
795 995 848 1050 pro
871 976 1001 1052 aspirata
1025 975 1220 1038 eiAeolicam

139 1097 196 1138 essa
214 1079 306 1140 visam
329 1078 378 1155 (oi.
396 1079 470 1138 Ahr.
485 1079 509 1136 Ι.
528 1097 556 1154 p.
573 1078 641 1156 43);
663 1079 715 1137 sed
736 1077 806 1136 huic
821 1077 983 1154 suspicioni
997 1079 1074 1137 nihil
1088 1079 1219 1140 tribuero

139 1187 267 1256 praestat.

311 1368 336 1447 S.
360 1371 389 1430 7.
431 1369 483 1428 De
504 1367 744 1448 liquidarum
767 1366 1036 1440 geminatione.
1106 1450 1108 1455 μ

214 1486 302 1547 Nunc
324 1494 442 1548 transeo
458 1489 495 1547 ad
517 1506 566 1547 aas
580 1487 690 1545 formas
705 1484 881 1545 Homericae
903 1505 980 1567 quae
1001 1493 1053 1548 aut
1074 1493 1154 1549 recte
1169 1496 1221 1550 aut

139 1608 283 1666 perperam
307 1610 347 1649 ex
364 1589 556 1650 Aeoleusium
578 1587 690 1663 insigni
711 1585 891 1666 liquidarum
913 1587 1115 1666 duplicatione
1136 1611 1222 1670 repe-

139 1697 240 1753 tsmtur.
284 1692 480 1753 Notissimum
502 1691 581 1750 enim
603 1696 649 1750 est
670 1689 749 1766 apud
770 1708 821 1749 eos
842 1689 875 1748 in
897 1677 1002 1752 mediis
1022 1693 1160 1767 vocibus,
1186 1693 1221 1754 iu

140 1795 238 1872 quibus
258 1794 392 1874 liquidae
414 1813 480 1854 cum
504 1792 686 1870 spirantibus
708 1805 734 1858 σ,
751 1790 780 1866 j,
803 1793 831 1849 F
852 1795 1070 1854 concurrebant
1091 1813 1167 1874 quae
1189 1797 1223 1855 in

138 1895 252 1976 reliquis
267 1896 402 1956 dialectis
417 1900 627 1956 evanescentes
642 1892 845 1952 antecedentis
861 1893 992 1971 syllabae
1006 1897 1139 1957 vocalem
1153 1916 1223 1974 pro·

139 1997 285 2073 ducebant,
310 2001 480 2058 constanter
501 1995 746 2056 adsimilationem
768 1995 877 2053 iactam
894 2014 967 2068 esse,
989 1998 1048 2056 nisi
1071 2018 1090 2054 a
1110 1999 1223 2060 vocalis

139 2101 226 2162 adfuit
247 2105 318 2162 ante
340 2099 468 2180 liquidas
490 2098 704 2176 (Ahr.1.55);
725 2095 843 2156 vooales
861 2097 954 2173 igitur
968 2118 1046 2178 quas
1068 2105 1137 2160 ante
1152 2121 1222 2161 con-

139 2221 267 2262 sonarum
291 2201 489 2262 adfectionem
506 2201 626 2259 firerant
646 2199 781 2274 integrae
805 2202 1081 2279 remanserunt¹⁷)‚
1106 2207 1223 2284 quade

139 2321 167 2362 re
193 2298 305 2381 optime
334 2303 474 2362 disseruit
494 2301 645 2361 Hirzelius
667 2321 696 2378 p.
714 2305 860 2359 29-32.
905 2303 978 2361 (lum
1006 2304 1049 2364 sic
1070 2306 1223 2367 Aeolicam

138 2405 277 2468 rationem
306 2405 466 2466 artioribus
495 2403 633 2464 cancellis
661 2403 874 2476 describamus,
904 2409 990 2480 patet
1020 2406 1103 2466 nullo
1134 2411 1221 2469 modo

139 2507 364 2585 duplicationem
385 2505 564 2586 liquidarum
580 2523 655 2585 quae
670 2509 716 2564 est
729 2509 798 2581 post
811 2506 928 2565 vocales
942 2497 1125 2583 prothetioas
1139 2513 1223 2578 velut

140 2617 326 2687 augmentum
355 2613 407 2668 aut
431 2607 466 2667 in
497 2607 688 2667 commissura
716 2607 841 2665 duarum
867 2628 974 2669 vocum
1003 2614 1222 2688 conpositarum
1309 2621 1310 2630 ’

140 2713 192 2773 huo
212 2733 301 2792 posse
328 2711 442 2771 referri.
488 2709 677 2768 Grammatioi
697 2708 838 2770 videlicet
865 2716 900 2770 ut
926 2715 1074 2772 mutarum
1096 2715 1140 2774 ita
1159 2735 1223 2776 om-

140 2834 202 2875 nem
221 2816 403 2896 liquidarum
418 2812 648 2888 geminationem
670 2829 709 2870 ex
731 2811 854 2872 Aeolico
875 2832 932 2872 usu
946 2813 1137 2875 derivandam
1159 2837 1223 2878 esse

140 2918 234 2996 inopte
254 2915 458 2986 autumabant,
480 2913 514 2972 in
536 2933 624 2992 quam
645 2910 708 2972 rem
728 2913 821 2972 libeat
842 2913 1016 2989 Gregorium
1036 2918 1223 2980 Corinthium

140 3020 172 3079 de
191 3021 277 3080 Aeol.
301 3017 369 3078 dial.
393 3015 418 3094 S.
437 3021 487 3076 34.
509 3035 537 3092 p.
557 3021 618 3074 609
641 3016 812 3094 loquentem
834 3014 997 3076 audivisse:
1020 3005 1103 3079 οὗτοι
1126 3015 1224 3082 πάντα

140 3115 172 3180 roi
192 3115 340 3198 σύμφωνα
367 3110 608 3188 διπλασιάζουσνν
637 3113 687 3176 ἐπὶ
714 3118 773 3175 τῶν
800 3113 947 3195 βραχέων·
978 3110 1021 3188 ὥς
1048 3113 1082 3180 τὸ
1110 3119 1223 3198 ἔννεπε,
1313 3179 1319 3198 ,

138 3219 220 3299 ἕννη,
242 3221 363 3293 κέννος,
386 3217 437 3278 καὶ
459 3212 496 3277 πὶ
518 3213 617 3301 ὅμοια,

221 3327 410 3403 Quamquam
431 3318 500 3398 l'rvq
515 3322 695 3399 Sapphicum
717 3341 770 3397 pro
792 3322 966 3398 imperfecto
988 3325 1072 3383 verbi
1095 3323 1153 3385 νέω
1174 3331 1223 3389 vel

139 3429 207 3504 νῆμι
220 3456 265 3480 -··-
280 3423 377 3500 ἕ-σνη
398 3429 478 3484 recte
500 3445 531 3484 se
552 3425 644 3484 habet
672 3424 756 3502 (Ahr.
774 3425 814 3482 II.
836 3424 924 3501 504),
952 3431 1052 3485 tamen
1079 3447 1115 3486 ea
1136 3447 1224 3489 cause

140 3532 214 3606 apud
234 3531 401 3590 Homerum
421 3545 483 3586 non
504 3526 615 3586 sufficit
635 3532 670 3586 ut
691 3521 790 3584 ἔννεον
814 3526 851 3583 Φ.
871 3531 917 3600 11,
940 3529 1019 3607 quod
1040 3529 1115 3589 falso
1136 3529 1224 3590 Hoff-

140 3651 261 3692 mannus
283 3631 316 3690 in
331 3629 434 3688 Iliadis
455 3629 539 3688 libris
561 3628 590 3686 Φ
605 3633 636 3688 et
652 3628 689 3686 X.
713 3649 738 3688 a.
759 3633 837 3686 1864
861 3629 948 3689 editis
964 3631 988 3687 Ι.
1011 3649 1039 3705 p.
1053 3634 1123 3690 260.
1146 3633 1186 3692 ΙΙ.
1206 3639 1223 3691 8

206 3852 248 3916 11)
266 3850 374 3912 Egregie
397 3849 477 3896 falsus
500 3855 539 3897 est
555 3849 585 3896 Ο.
604 3849 768 3897 Schneiderus
790 3851 816 3896 in
833 3849 975 3896 Oallimaob.
996 3849 1017 3896 1.
1034 3865 1057 3910 p.
1071 3851 1121 3897 314
1140 3852 1181 3910 qui
1199 3853 1225 3898 in

141 3932 242 3988 lorello
260 3929 389 4001 ὀφέλλειεν
405 3931 522 4000 utileque
538 3931 626 4000 χέλλος
649 3929 767 3984 dilanias
787 3936 899 3984 vocalem
916 3934 1009 3993 liquida
1031 3935 1155 3994 geminata
1172 3951 1224 3985 cor-

141 4026 234 4082 reptam
251 4022 347 4082 origine
369 4021 478 4082 longam·
494 4021 570 4068 fuisse
588 4019 736 4080 disputavit3
763 4021 806 4068 ssd
831 4024 897 4067 recte
922 4019 985 4066 vidit
1008 4011 1142 4071 oisttllsro
1158 4023 1224 4082 quod

142 4107 191 4154 cod.
210 4108 237 4154 in
253 4107 347 4168 hymno
364 4107 389 4153 in
407 4107 462 4153 Dal.
481 4121 505 4151 v.
519 4107 568 4153 248
586 4104 707 4166 praebant
723 4105 880 4166 defenditque
891 4104 1029 4152 Meinelrius
1046 4110 1131 4166 utpote
1142 4107 1225 4156 Ascli-

142 4203 194 4238 cum
217 4205 273 4238 oum
289 4191 320 4238 iis
344 4193 446 4252 nequire
468 4191 589 4250 conferri3
615 4190 707 4238 scilieet
731 4191 799 4250 vulg.
824 4185 888 4240 siloa
912 4194 950 4238 est
972 4203 1018 4250 pro
1038 4185 1128 4241 &Feles
1151 4196 1225 4252 atqne

141 4266 267 4326 tabellum
291 4281 356 4324 assat
373 4277 472 4324 Aeolica
494 4269 616 4338 ¹oiiorq'lsro
640 4273 681 4336 (ot.
699 4261 762 4341 η’χον
783 4276 843 4322 aur.
857 4276 876 4321 1.
893 4289 919 4334 p.
933 4275 991 4336 90);
1019 4290 1042 4322 v.
1063 4269 1116 4326 ἕλεν
1132 4275 1224 4339 Sapph.

143 4359 182 4418 ⁵1,
201 4361 223 4406 2,
244 4355 312 4411 ἕλετο
330 4361 376 4422 (aio
394 4357 440 4422 Bt)
458 4361 512 4408 Alc.
526 4363 567 4409 68.
584 4355 754 4426 παρελόμενος
771 4375 809 4420 ap.
830 4359 947 4408 connium
966 4361 1023 4409 ΧΠ.
1042 4362 1070 4410 Α.
1085 4363 1109 4410 l.

962 4444 1007 4506 4*
