3114 4994
693 467 752 532 141

173 575 224 678 ΙΨ.
240 625 310 680 560.
326 614 548 701 (φάσγανον)-
559 613 706 700 ἀπηύρων
726 622 765 680 Ψ.
779 624 849 681 808.
868 619 917 698 (ot
932 613 1019 698 τεύχε’
1037 613 1180 702 ἀπηύρα).
1204 625 1264 684 Ne·

180 741 238 802 que
258 711 409 784 recentior
429 723 562 784 imitator
590 725 723 802 (Laehm.
741 744 771 800 p.
787 721 841 800 80)
862 722 1018 798 ignoratur
1042 741 1131 784 varen
1147 726 1189 784 ·T.
1208 732 1262 786 89:

179 819 267 903 γέρας
289 815 379 893 αὐτὰρ
401 815 560 904 απηύρωνς
583 825 679 886 solum
699 825 733 884 in
754 825 884 899 genuina
901 825 1034 902 Odyssea
1053 829 1139 904 parte
1160 846 1185 884 ν.
1204 831 1262 886 132

180 925 327 986 obcurrit:
350 917 457 986 νόστον
473 922 506 986 δέ
517 923 552 987 oi
566 917 670 986 οὔποτ’
696 917 853 1004 ἀπηύρων,
877 947 935 1006 quo
956 947 1044 988 versu
1060 928 1265 1002 eognoseimus

178 1027 239 1086 iem
260 1027 384 1106 antiqua
412 1032 509 1088 aetate
530 1030 656 1088 formam
684 1028 717 1087 in
738 1027 833 1087 Iliada
854 1028 962 1088 laetam
983 1029 1075 1088 misse
1101 1032 1265 1109 atqne'ob·

179 1128 378 1188 sourationem
399 1149 488 1191 verae
507 1129 631 1204 originis
648 1135 850 1208 pervetustam
872 1150 945 1190 esse.
975 1132 1083 1190 ‘Porro
1097 1130 1130 1190 in
1144 1130 1221 1192 libro
1239 1119 1285 1190 Θ’

180 1249 269 1310 quem
290 1231 480 1290 Hermannus
508 1235 539 1290 et
559 1233 769 1292 Laehma'nnus
796 1233 1012 1294 damnaverunt
1038 1233 1111 1292 adeo
1136 1235 1266 1304 seeundo

179 1337 443 1410 Pflmna'41812i2
465 1330 559 1403 κῦδος
581 1325 720 1412 tondeas
734 1337 769 1394 s.
788 1335 859 1392 237.
882 1338 971 1413 atque
992 1333 1176 1394 luoulentum
1197 1335 1264 1394 imi·
1379 1327 1387 1346 ⁸

181 1434 303 1494 tationis
332 1435 541 1495 doeumentum
569 1436 701 1496 cernitur
726 1436 759 1494 in
785 1457 814 1497 v.
836 1437 874 1493 A.
891 1440 963 1494 430.
986 1433 1027 1512 (v.
1044 1438 1166 1498 Laetum.
1185 1458 1216 1514 p.
1233 1437 1265 1514 7)

178 1536 230 1596 ubi
252 1555 314 1598 vox
336 1528 481 1616 ἀπηύρων
503 1537 552 1614 (de
570 1538 658 1616 Bris.)
686 1557 747 1596 nou
769 1537 864 1596 solum
886 1537 922 1596 de
944 1538 1013 1596 sede
1035 1538 1123 1614 plane
1145 1539 1265 1598 detrusa

179 1638 230 1698 sed
261 1639 352 1698 etiem
379 1659 433 1716 pro
455 1638 561 1713 singul.
584 1659 662 1718 pers.
692 1639 790 1716 prima
812 1639 877 1699 looo
898 1639 957 1698 III.
979 1658 1009 1716 p.
1030 1639 1107 1718 plur.
1131 1639 1265 1700 adhibita

180 1744 240 1813 est;
264 1744 453 1818 exspectatur
469 1760 540 1800 sene
558 1731 731 1820 αἷπεύρασαν
753 1741 793 1820 (v.
814 1742 887 1800 Ahr.
906 1741 939 1800 in
954 1740 1037 1800 Dior.
1055 1745 1127 1803 Ant.
1144 1763 1174 1820 p.
1192 1743 1265 1820 802)
1296 1731 1305 1746 “

178 1843 228 1904 vel
256 1833 405 1919 ἆπεῦραν,
440 1862 498 1922 quo
526 1844 653 1903 fortasse
683 1847 797 1922 speetat
822 1842 970 1919 Heeyohii
1000 1843 1099 1916 glossa
1128 1835 1267 1921 ἆπηῦραν

177 1936 344 2019 ἀφείλοντο.
386 1927 443 2003 Est
463 1945 557 2018 igitur
576 1949 611 2004 ut
627 1944 771 2023 aoeipiam
786 1943 922 2004 omnibus
944 1945 992 2004 his
1010 1944 1090 2004 loeis‘
1102 1963 1176 2024 qnos
1197 1965 1265 2023 per·

177 2046 305 2108 lustravi
324 2065 340 2105 e
362 2045 452 2105 tertia
472 2066 549 2122 pers.
573 2037 695 2126 ἀπηύρα
719 2065 795 2125 quse
816 2065 871 2123 per
893 2066 923 2104 se
946 2046 984 2105 ad
1003 2049 1129 2108 verbum
1149 2046 1182 2106 in
1204 2067 1268 2130 -αωΙ

92 2177 94 2182 ·
178 2146 259 2208 trahi
280 2152 380 2226 potest
401 2148 453 2206 sed
473 2153 597 2226 propter
618 2139 756 2224 ἀπούρας
784 2149 821 2207 ad
844 2151 1026 2208 contreetam
1046 2149 1207 2210 flexionem
1231 2149 1265 2210 iu

179 2270 212 2326 με
234 2249 366 2326 pertinet
395 2253 507 2310 eeteros
533 2269 675 2326 personas
703 2268 758 2326 per
784 2248 982 2308 imitationem
1010 2251 1171 2310 seeundum
1195 2269 1265 2312 ana·

177 2351 288 2426 logiam
310 2350 395 2412 verbi
413 2351 448 2412 in
466 2373 513 2412 αα
535 2371 676 2430 proousss
698 2371 778 2425 esse3
801 2371 870 2410 nom
892 2351 926 2410 in
947 2352 1113 2414 recentiore
1134 2354 1264 2432 partium

180 2453 295 2528 origine
316 2454 414 2532 posita
435 2459 482 2514 est
502 2453 594 2514 totius
615 2453 740 2514 rationis
762 2471 876 2512 summa
896 2453 1100 2530 probabilitas.

265 2557 392 2616 Restant
413 2556 503 2616 etiam
522 2557 637 2615 formae
658 2544 867 2632 dmoupdpevoe
887 2559 960 2616 sont
983 2555 1075 2616 Hero.¹
1095 2558 1212 2618 v.173.
1236 2563 1267 2618 et

178 2677 209 2718 v.
225 2657 245 2717 1.
268 2659 305 2718 ad
327 2655 352 2714 d.
370 2663 431 2716 646
455 2649 670 2736 demipho-(ia
691 2657 801 2718 Wolfio
830 2679 846 2716 e
868 2661 954 2718 textu
976 2659 1124 2718 Ahrensio
1152 2661 1265 2726 arbitro

179 2758 320 2820 inmerito
338 2758 440 2832 emota,
462 2780 492 2821 v.
507 2760 618 2819 Buttm.
637 2759 719 2818 lexil.
734 2781 763 2838 p.
781 2759 844 2837 72),
866 2759 899 2818 in
915 2758 1022 2838 quibus
1036 2762 1137 2822 brevis
1152 2764 1266 2824 voeatis

180 2861 379 2938 suspioionem
401 2861 511 2936 adfert,
541 2863 666 2924 verbum
688 2881 749 2920 non
771 2864 940 2921 eontraotae
967 2862 1020 2922 sed
1041 2862 1173 2937 vulgaris
1196 2885 1268 2925 oon-

152 3043 155 3048 Ι
178 2962 340 3038 ingutionis
361 2963 394 3022 in
416 2983 448 3037 μι
471 2962 559 3043 quale
581 2967 627 3022 est
647 2960 745 3038 ἵστημι
769 2952 924 3037 ἱστάμενος
945 2965 1171 3041 subponendam
1190 2987 1264 3029 esse.

179 3043 238 3124 ssd
256 3085 316 3125 non
334 3085 442 3127 vereor
460 3085 496 3124 ne
511 3064 656 3125 Aeolismi
672 3065 909 3142 adsumptionem
926 3081 1039 3126 eassam
1056 3067 1180 3129 reddere
1197 3091 1266 3148 pos·

87 3223 89 3228 .
181 3167 257 3240 sint;
279 3186 349 3226 nam
370 3186 409 3226 ne
425 3167 488 3228 eius
503 3166 624 3246 quidem
643 3167 784 3230 flexionis
805 3165 943 3244 exempla
957 3168 1063 3230 desunt
1083 3169 1116 3230 in
1138 3171 1264 3233 dialeoto

180 3267 320 3330 Aeolios:
349 3259 539 3344 intestimo,
562 3271 590 3329 S.
613 3270 652 3329 fr.
670 3270 718 3342 70,
740 3275 767 3328 2.
790 3265 908 3346 utpote
928 3273 966 3329 A.
986 3272 1024 3330 tr.
1043 3276 1093 3345 45,
1111 3278 1140 3334 2.
1163 3269 1266 3334 tutes

181 3369 268 3446 (Ahr.
288 3392 317 3449 p.
337 3375 386 3432 32.
405 3373 456 3449 58)
486 3363 717 3448 μόρνᾶμαι·ρτο
748 3363 901 3451 μαρναμαι
926 3371 1087 3451 (Hesyoh.,
1117 3376 1197 3434 Ourt.
1228 3375 1264 3434 de

179 3473 261 3533 verb.
284 3492 315 3550 p.
334 3471 416 3549 171).
459 3474 570 3534 Tamen
584 3475 659 3534 haee
675 3473 825 3550 Odysseae
846 3493 915 3550 pars
936 3474 1092 3534 ubi-iuxta
1107 3467 1264 3551 ἆπηύρατα

181 3574 271 3634 etiam
287 3565 410 3652 απηύρᾱ
431 3577 464 3636 in
478 3576 575 3636 medio
590 3595 680 3637 versu
697 3576 808 3651 legitur
824 3575 864 3654 (d.
884 3576 1026 3634 eeu—‘e
1045 3576 1099 3652 42)
1121 3577 1264 3638 novitatis
1369 3601 1371 3606 ·

180 3677 309 3754 speeiem
331 3677 403 3736 satis
422 3677 586 3738 'adfautevit
607 3677 649 3754 (v.
668 3678 834 3738 Kirehhoff.
857 3677 904 3736 die
924 3678 1003 3736 hom.
1020 3675 1125 3753 Odyss.
1147 3698 1176 3738 u.
1198 3679 1265 3740 ihre

179 3779 371 3853 Entstehung
384 3800 414 3856 p.
429 3779 490 3857 IX)
505 3783 594 3860 atque
609 3779 663 3840 vix
675 3779 770 3840 multo
785 3779 937 3859 antiquior
955 3783 1001 3838 est
1014 3782 1098 3838 seuto
1115 3780 1264 3854 Herulis,

182 3900 274 3960 qnare
296 3881 386 3942 etiam
407 3883 486 3940 hano
503 3881 748 3942 deformationem
771 3901 846 3962 quae
868 3900 929 3940 non
951 3879 1049 3940 minus
1066 3883 1265 3959 perturbatio·

179 3987 258 4042 nem'
279 3982 365 4042 auxit
389 3983 552 4059 rhapsodis
583 3981 770 4044 imitantibus
799 3984 938 4061 inputare
968 4001 1030 4041 non
1059 3982 1127 4060 plus
1155 3985 1265 4044 habeat

178 4084 331 4145 andaciae.
360 4069 519 4146 Praeterea
529 4104 591 4145 non
604 4085 726 4146 eredere
740 4105 860 4164 possum
873 4085 1006 4144 futurum
1017 4084 1154 4152 Ionioum
1168 4075 1264 4154 daon-

181 4179 324 4266 prisonem
342 4187 380 4244 X.
397 4191 458 4248 489
481 4188 507 4247 si
521 4188 694 4247 Buttmanni
714 4187 808 4266 (lexil.
824 4189 849 4247 Ι.
871 4208 902 4265 p.
920 4188 969 4246 78.
991 4207 1021 4246 n.
1038 4186 1069 4264 2)
1092 4192 1123 4246 et
1135 4187 1263 4248 Bekkeri

180 4288 339 4356 tentionem
368 4309 384 4346 e
406 4291 469 4350 eod.
491 4289 576 4350 Harl.
604 4291 807 4368 depromptam
834 4290 943 4369 probas
972 4294 1076 4350 eontra
1096 4289 1263 4350 Aristarohi
