3114 4994
702 499 764 564 123

188 657 345 716 Belrkerus
366 658 398 716 ot
415 653 579 732 Rumpfins,
602 654 655 734 qui
676 652 902 728 „Aristmoheae
921 649 1037 712 critices
1058 655 1143 712 tanta
1164 652 1274 712 saveri-

187 763 249 819 tste
270 756 398 818 rariores
413 757 605 817 dialeotornm
624 756 735 816 formas
756 759 787 814 et
805 757 942 830 apostae
963 773 1019 820 usn
1040 754 1152 814 alienes
1171 755 1274 830 inpro-

188 861 306 920 bantis“
321 858 453 937 (Rumpf.
468 879 497 935 p.
511 859 563 937 29)
580 857 725 917 rationem
741 855 834 916 seouti
852 859 929 928 sunt,
950 855 1144 916 oblitterasse.
1187 855 1275 921 Quod
1329 855 1330 860 ’

188 967 288 1022 autem
301 961 328 1022 is
346 961 431 1034 dixit,
454 959 673 1020 Alexandrinos
695 963 727 1018 et
746 957 897 1020 inferioris
918 958 1060 1034 temporis
1074 962 1177 1034 poetas
1193 977 1273 1034 mag-

187 1084 257 1124 nam
279 1069 393 1142 partem
408 1063 529 1142 quidem
550 1061 694 1122 eiusmodi
709 1047 819 1120 formai
838 1059 871 1118 in
894 1079 937 1118 ων
958 1060 1089 1133 finxisse,
1111 1059 1199 1120 nihili
1213 1065 1273 1132 est3

188 1185 258 1226 nam
285 1165 447 1226 certissime
476 1164 510 1224 hi
537 1183 598 1222 non
627 1160 742 1222 somnia
767 1161 825 1221 sibi
852 1161 1005 1221 finxerunt
1033 1163 1086 1222 sed
1113 1162 1274 1222 Homerios

190 1268 329 1345 exempla
349 1266 458 1326 imitati
480 1269 563 1336 sunt;
586 1271 740 1342 praeterea
758 1264 835 1324 male
856 1265 892 1324 do
907 1263 1030 1324 Aeolios
1045 1264 1193 1344 Odysseae
1210 1266 1273 1325 edi·

188 1370 271 1430 tione
292 1373 396 1447 utpote
411 1366 547 1428 Aeolioas
568 1367 678 1427 formas
693 1370 829 1427 servante
846 1365 997 1442 cogitavit,
1019 1367 1056 1428 of.
1073 1373 1135 1428 not.
1154 1374 1181 1428 3.
1197 1371 1271 1446 part.

187 1473 271 1532 alter.

272 1574 379 1634 Utrum
407 1576 561 1650 praeterea
589 1570 733 1632 eiusmodi
760 1570 888 1647 vestigia
913 1589 929 1630 e
950 1570 1099 1646 imragine
1124 1572 1272 1634 variarum

187 1675 348 1736 leotionum
371 1691 410 1733 ox
431 1673 650 1753 antiquioribus
671 1673 890 1750 exemplaribus
911 1692 987 1752 quae
1003 1673 1273 1735 Alexandrinorum

187 1796 291 1838 manus
311 1776 344 1835 in
365 1777 533 1837 dialeotioas
559 1776 669 1834 formas
691 1779 857 1850 grassantes
886 1777 1017 1834 nondum
1043 1780 1168 1852 experta
1188 1781 1273 1836 eraut

187 1879 286 1939 adlata
300 1883 461 1956 emergant,
485 1898 547 1938 uon
565 1877 749 1953 negaverim
771 1876 884 1936 soilioet
897 1897 951 1953 pro
967 1876 1165 1938 Aristarcheis
1180 1879 1271 1955 serip-

187 1981 263 2042 turis
285 1973 422 2054 asaotpoig
449 1986 480 2040 et
501 1971 637 2048 senonas
660 1979 699 2036 Ν.
719 1983 756 2036 59
787 1978 819 2036 in
841 1979 915 2037 Chia
941 1983 973 2037 at
993 1978 1164 2039 Antimaobi
1186 1980 1271 2040 Colo·

188 2083 292 2161 phonii
307 2083 487 2143 editionibus
499 2073 636 2141 asaouoo'v
652 2080 793 2140 extiterat
806 2082 845 2157 (v.
857 2081 898 2138 Μ.
911 2079 1051 2140 Schmidt.
1074 2081 1141 2141 Did.
1157 2101 1186 2158 p.
1202 2083 1270 2142 147.

187 2185 311 2244 Laroob.
330 2190 390 2243 296
419 2178 470 2264 qni
492 2184 703 2252 Antimaobnm
731 2182 821 2240 etiam
843 2197 869 2239 o.
888 2187 948 2242 335
975 2183 1048 2242 item
1072 2181 1180 2259 legisse
1203 2205 1271 2245 oon-

187 2287 296 2366 olusit).
340 2286 427 2350 Quod
447 2305 536 2363 porro
558 2285 708 2345 Ameisius
728 2304 757 2360 p.
776 2288 814 2343 59
836 2284 869 2342 in
887 2283 1015 2344 lectione
1037 2277 1195 2364 aeoipyaiv
1216 2306 1270 2362 pro

186 2390 296 2450 usitato
318 2380 475 2466 πεπληγώς
494 2388 527 2445 Β.
543 2392 604 2446 264
626 2387 659 2446 in
680 2386 771 2448 sohol.
794 2386 829 2446 V.
857 2387 966 2446 tradita
986 2388 1066 2447 buno
1088 2388 1271 2449 Aeolismnm

186 2492 360 2552 delitesoere
388 2490 517 2568 putavit,
549 2510 611 2549 non
640 2489 792 2550 eonsentio
823 2488 893 2568 quia
923 2491 1144 2564 grammationm
1175 2491 1272 2568 (iuxta

186 2587 288 2671 λαβών
308 2594 344 2652 Β.
359 2592 434 2669 261)
461 2592 604 2652 aoristum
631 2591 815 2652 intellexisse
842 2593 928 2652 dooet
950 2594 1098 2654 conlatum
1119 2588 1271 2673 πέπληγον

187 2699 220 2755 θ.
240 2701 310 2770 264,
340 2696 393 2776 qui
420 2693 590 2770 saepissime
616 2693 740 2769 legitur;
769 2686 925 2772 πεπληγώς
948 2694 985 2754 X
1002 2695 1073 2755 497.
1105 2697 1271 2774 πεπληγυῖα

188 2799 226 2856 Ε.
241 2798 311 2858 763.
333 2818 361 2856 a.
378 2803 449 2859 268.
467 2802 537 2856 619.
559 2801 672 2855 atio.
696 2795 816 2875 quidem
838 2801 966 2868 constat3
988 2802 1085 2857 oertus
1101 2817 1172 2858 sane
1193 2799 1269 2858 aori-

186 2905 251 2960 stus
272 2904 318 2960 est
338 2891 465 2977 sssnyoiv
486 2900 524 2956 A.
544 2903 615 2959 591.
641 2899 675 2958 Ο.
691 2903 745 2972 23,
768 2917 857 2978 quom
878 2903 981 2958 eontra
1000 2899 1271 2960 Hemstorbuisium

186 2994 316 3080 rstayoic
342 3019 389 3077 ap.
412 3001 533 3060 Luoiau.
555 3001 694 3062 Charont.
717 3020 740 3060 o.
758 3005 784 3060 1.
805 3000 838 3058 in
860 3002 922 3060 uod.
946 3001 1040 3061 Vatio.
1063 3002 1204 3080 seriptum
1228 3002 1268 3080 (.

187 3105 415 3165 Sommerbrodt
438 3104 483 3162 ed.
501 3104 543 3162 II.
564 3122 593 3179 p.
607 3103 661 3181 94)
689 3104 821 3162 Homero
850 3103 1052 3164 intrudentem
1079 3110 1198 3166 strenue
1220 3108 1270 3167 do·

185 3207 283 3267 fundit
302 3206 499 3266 Buttmannns
519 3204 553 3264 iu
573 3205 654 3265 lexil
672 3205 696 3264 I.
718 3211 833 3282 plot.
855 3226 885 3265 n.
897 3213 925 3265 4.

275 3307 306 3385 7)
328 3307 414 3366 Inter
427 3291 511 3366 uerbi
534 3300 658 3383 δεύομαι
672 3309 751 3388 quod
768 3307 793 3386 ξ.
807 3313 834 3381 3,
854 3313 870 3366 5
890 3313 1012 3385 propter
1026 3308 1173 3385 digamma
1191 3310 1271 3370 inter

187 3410 304 3470 vooales
331 3410 364 3469 in
385 3431 405 3467 v
431 3409 593 3469 emollitum
615 3410 765 3470 Aeolismo
792 3408 883 3470 tribui
910 3411 1019 3476 formas
1045 3411 1206 3471 nonnullae
1226 3411 1269 3471 le-

187 3517 297 3588 guntur
319 3530 442 3591 quarum
463 3511 555 3570 flexio
579 3531 644 3571 oum
660 3512 781 3572 Aeolios
800 3512 915 3572 ratione
938 3531 998 3571 non
1021 3512 1165 3572 oonoinit:
1187 3507 1268 3571 ἐδεύ-

185 3629 257 3688 ησεν
279 3634 298 3672 ι.
318 3612 414 3690 (osa.)
435 3618 503 3673 540.
527 3599 662 3688 δευήσεαι
682 3613 703 3684 ζ.
722 3618 790 3672 192.
812 3611 835 3684 ε.
852 3619 921 3674 510.
946 3605 1124 3688 δευήσεσθαι
1142 3614 1181 3672 Ν,
1197 3601 1267 3678 tao.

186 3716 235 3792 (ψ.
255 3716 335 3793 las).
378 3716 456 3774 Nam
476 3716 638 3778 Aeolenses
661 3719 830 3775 constanter
856 3715 948 3791 stirps
970 3713 1035 3774 dev·
1055 3717 1268 3793 berytonorum

186 3820 344 3880 verborum
366 3817 427 3878 ritu
446 3837 514 3878 usos
531 3838 595 3878 esse
617 3819 724 3878 dooent
744 3816 882 3896 exempla
903 3813 1075 3891 δευομένοις
1091 3810 1169 3876 δεύει
1191 3820 1267 3880 ooni.

187 3912 313 3994 {adraim
333 3921 436 3999 itaque
457 3927 591 3997 tempora
613 3919 767 3996 oonposita
788 3921 936 3981 debebant
956 3915 1061 3977 tdsooo
1080 3925 1134 3980 eto.
1157 3922 1267 3996 audire,

187 4022 264 4082 siout
276 4022 444 4084 infinitivus
464 4023 557 4082 futuri
574 4014 728 4097 ’πιᾶεύσην
750 4043 795 4099 ap.
813 4022 841 4082 S.
858 4023 894 4082 fr.
911 4027 938 4094 2,
958 4026 995 4080 15
1020 4021 1090 4081 olim
1105 4022 1267 4098 legebatur,

186 4123 270 4182 ouius
298 4123 407 4184 iustam
435 4126 580 4184 rationem
609 4125 775 4184 Abrensius
804 4124 836 4183 in
867 4125 942 4185 Mus.
965 4125 1060 4184 Rhsn.
1082 4131 1142 4186 vet.
1165 4125 1267 4187 v.v1.

187 4225 225 4302 (a.
242 4225 336 4303 1839)
351 4246 379 4304 p.
394 4231 453 4286 362
471 4227 643 4286 defenderat
657 4225 749 4304 (nuno
763 4227 813 4287 vel
826 4217 961 4302 ’πιδεύην
975 4248 1003 4288 v.
1014 4227 1086 4286 Ahr.
1098 4226 1138 4286 Il.
1154 4247 1183 4303 p.
1197 4232 1266 4288 542.

186 4328 223 4385 de
245 4327 322 4389 mist.
345 4328 412 4388 dial.
435 4349 464 4406 p.
480 4335 528 4388 64.
561 4329 679 4404 Sauppe
702 4327 738 4388 de
760 4329 873 4388 duabus
893 4329 980 4390 insor.
1003 4329 1089 4390 Lesb.
1111 4349 1140 4406 p.
1156 4334 1196 4388 25
1218 4331 1269 4392 vel
