3114 4994
827 481 889 546 146

314 642 432 714 integro
450 637 631 715 praepositio
646 637 795 696 artissime
817 657 885 698 enm
899 655 972 698 vooe
990 636 1102 696 ooalnit
1115 636 1165 714 (of.
1183 630 1327 713 σύστημα,
1352 639 1403 698 sed

313 737 476 808 ἔνσπονδος
495 739 529 798 in
549 738 779 816 praepositionis
800 738 883 798 notio
902 739 1080 817 praepollet)
1108 739 1270 812 miseeret,
1298 740 1402 800 Amai-

314 843 376 904 sins
397 863 427 920 p.
444 838 517 922 4⁸l9
545 859 582 902 ex
602 842 675 900 Hes.
704 841 817 915 glossas
844 861 916 902 vere
937 841 1075 900 Aeolieas
1104 832 1244 902 ὀσκαὶτττα
1273 833 1404 902 ἔστασαν

314 935 458 1012 desidite
488 943 521 1002 in
556 943 798 1020 oonparationem
830 943 978 1005 advoeans
1010 942 1194 1003 Aeolismum
1227 943 1405 1005 deliteseera
1530 951 1533 956 '

315 1046 500 1132 confidenter
527 1044 668 1122 protulit,
697 1045 733 1112 de
761 1046 926 1104 mutatione
952 1044 1066 1106 venalis
1086 1045 1124 1106 de
1154 1063 1212 1124 qna
1239 1045 1339 1105 neseio
1362 1065 1402 1105 an

312 1147 501 1209 Asiatonious
527 1146 706 1220 eogitaverit
732 1147 868 1221 negleota
896 1167 1001 1225 parum
1031 1146 1185 1208 sollieitns.
1236 1147 1295 1206 Sed
1322 1149 1402 1208 hano

311 1249 460 1310 rationem
480 1269 499 1306 κ
521 1254 591 1310 ante
612 1264 646 1306 στ
668 1265 704 1306 σκ
725 1265 767 1308 αττ
796 1249 923 1308 eiciendi
950 1267 1011 1308 non
1033 1248 1229 1310 Aeolensibna
1256 1249 1328 1310 solis
1349 1269 1401 1327 pe·

311 1351 454 1412 ouliarem
473 1350 565 1410 inisse
587 1351 695 1410 doeent
722 1355 752 1410 et
775 1369 833 1412 vox
855 1350 1004 1410 Laeonioa
1025 1340 1127 1410 iteum
1149 1370 1204 1427 pro
1226 1339 1338 1410 ἕσταθι
1355 1377 1401 1402 ==

312 1445 459 1522 ἄνσταθτ,
489 1452 523 1512 in
545 1471 604 1531 qua
624 1453 792 1512 Ahrenaiua
809 1453 851 1512 11.
874 1474 902 1530 p.
921 1457 983 1512 356
1011 1471 1153 1530 pervenio
1173 1452 1296 1512 Aeolieo
1318 1473 1401 1514 more

312 1554 446 1616 nasalem
469 1552 610 1614 extritam
633 1573 698 1612 esse
719 1554 806 1628 dixit,
828 1561 859 1615 et
880 1553 983 1622 Attica
1004 1554 1152 1632 seriptnra
1174 1547 1279 1637 ἐστήλῃ
1296 1582 1341 1606 =
1355 1551 1400 1616 ἔτ-

311 1648 403 1738 σιήκῃ
430 1655 471 1733 (v.
495 1653 541 1713 tit.
566 1673 591 1716 e.
615 1655 636 1714 i.
656 1655 691 1716 e.
715 1657 739 1714 1.
765 1657 815 1715 ⁸7.
845 1657 865 1714 1.
892 1661 946 1728 14,
975 1655 1054 1716 ntes.
1078 1677 1108 1733 p.
1125 1662 1176 1716 94.
1196 1661 1246 1716 ee.
1266 1658 1341 1735 και)
1370 1663 1400 1718 et

312 1755 490 1820 Homericae
515 1757 629 1818 formae
659 1748 800 1832 αἰἆσχετος
827 1779 884 1835 pro
917 1749 1076 1832 ἆσὶνσχτταα
1108 1758 1148 1834 (v.
1176 1758 1267 1820 Bekk.
1286 1743 1398 1820 'senen

311 1861 399 1920 Hom.
413 1860 445 1918 It
457 1878 486 1934 p.
502 1856 574 1934 168)
590 1861 620 1918 et
635 1854 736 1916 ἔσπετε
750 1877 804 1934 pro
821 1855 940 1918 ἔνσαττε
955 1859 1032 1920 siout
1045 1861 1212 1920 Ahremina
1226 1860 1259 1918 in
1274 1879 1397 1934 gramm.

310 1983 341 2040 p.
359 1965 417 2020 115
441 1964 522 2022 reete
544 1959 689 2037 explicuit
710 1958 772 2035 (alii
789 1954 890 2018 ἕσπετε
911 1981 965 2037 pro
988 1961 1116 2033 oteness.
1136 1968 1171 2022 ut
1187 1963 1222 2024 J..
1238 1963 1347 2039 Meyer
1366 1964 1398 2024 in

310 2065 411 2124 Knhn.
431 2081 499 2122 ann.
516 2063 568 2122 VI.
590 2083 619 2138 p.
639 2067 699 2121 164
721 2061 898 2134 maluerunt,
923 2063 1070 2122 (itu-istius
1092 2083 1120 2139 p.
1137 2069 1198 2125 222
1220 2063 1253 2122 id
1272 2063 1397 2124 inohoa·

311 2166 408 2228 tivum
422 2191 466 2216 =
480 2159 599 2222 ἕπσκετε
628 2183 692 2224 esse
718 2162 815 2222 voluit
836 2163 915 2244 qnod
935 2183 1058 2240 prorsus
1079 2184 1140 2225 non
1160 2164 1330 2244 intellege);
1359 2187 1398 2226 ne

310 2268 361 2326 hio
383 2265 503 2356 quidem
524 2263 674 2326 Ameisius
695 2264 878 2326 Aeolismum
899 2265 972 2324 satis
994 2266 1134 2326 defendit
1178 2267 1283 2326 Potuit
1307 2267 1397 2328 etiam

310 2367 541 2448 praeposit-ionis
562 2358 638 2429 noti
660 2366 810 2428 lunonem
837 2384 989 2445 apooopen
1010 2374 1134 2447 propter
1154 2368 1265 2428 Aloaio.
1288 2362 1398 2428 euesti-

310 2475 377 2541 θετς
399 2475 429 2530 et
449 2468 589 2546 Sapphie.
610 2463 764 2528 καστταλὲω
787 2471 817 2526 et
836 2469 958 2532 Hesiod
981 2463 1125 2540 καυάξαις
1151 2470 1186 2529 in
1207 2470 1311 2531 formis
1333 2471 1396 2530 Ho-
1476 2454 1478 2460 ¹

310 2572 429 2634 meriois
457 2563 585 2645 κάσχεθε
614 2572 653 2629 Λ.
675 2570 745 2629 702.
773 2571 959 2648 καστορνῦσα
988 2592 1015 2647 p.
1037 2577 1086 2631 32.
1119 2563 1246 2632 κάκτανε
1270 2572 1303 2628 Ζ.
1325 2576 1396 2631 164.

312 2675 353 2736 H.
374 2679 424 2732 90.
456 2671 575 2748 (christ.
598 2691 628 2747 p.
647 2671 700 2746 7³)
730 2671 883 2735 Aeolicam
910 2691 1098 2750 nnnenpare,
1129 2673 1208 2752 quod
1229 2673 1396 2736 Ahreneina

310 2775 387 2836 male
408 2774 442 2834 in
455 2773 613 2834 Laconicis
635 2773 741 2846 glossis
762 2765 899 2848 κᾶβλκμα
920 2768 1031 2850 κάβασι
1046 2773 1132 2836 Pind.
1155 2767 1283 2838 κάπετον
1297 2774 1393 2834 Alem.

310 2874 462 2953 καβαίναν
490 2875 557 2934 aliis
590 2874 681 2950 (Gies.
708 2897 737 2952 p.
756 2875 831 2952 254)
864 2876 982 2947 statuit3
1016 2875 1152 2955 equidem
1180 2877 1316 2952 profecto
1345 2896 1394 2936 eea

310 2979 362 3060 qui
392 2979 430 3036 ob
462 2976 625 3038 emollitam
652 2977 926 3054 pronuntiationem
955 2977 1139 3040 Aeoliamum
1169 2979 1393 3039 somniaverunt

309 3099 371 3142 non
391 3079 518 3155 probare
538 3098 666 3154 possum.
709 3079 824 3156 Nempe
845 3099 906 3139 non
933 3079 1126 3140 dialectomm
1153 3078 1293 3140 oanoellia
1320 3081 1394 3140 haee

310 3181 491 3242 consuetudo
519 3179 787 3241 circumseribenda
809 3185 868 3254 est,
897 3182 949 3240 sed
970 3180 1117 3240 eommuni
1140 3181 1309 3257 euphoniea
1328 3181 1394 3256 lege

308 3281 417 3342 nititur
439 3299 513 3360 quae
535 3281 657 3342 minime
677 3282 709 3340 in
731 3282 879 3358 eeriptnra
900 3283 1024 3360 adparet
1049 3288 1080 3343 et
1100 3282 1261 3360 plurimum
1282 3282 1392 3356 valeia

306 3389 388 3446 reete
411 3382 502 3442 etiam
516 3383 605 3442 Peter
626 3383 662 3444 de
685 3383 753 3442 dial.
769 3385 855 3444 Pind.
877 3406 906 3462 p.
921 3385 960 3442 67
984 3384 1017 3444 in
1032 3385 1119 3450 Pind.
1142 3378 1266 3460 ἇμνασετ
1280 3385 1392 3460 eupho-

306 3485 375 3546 niae
391 3503 479 3544 oausa
493 3485 624 3543 nasalem
639 3485 763 3544 eieotam
778 3505 842 3544 esse
857 3485 941 3547 vidit.
975 3485 1040 3552 Qua
1054 3486 1087 3546 in
1100 3487 1273 3566 quaestione
1288 3491 1392 3548 eontra

291 3586 430 3663 ¹timeisii
445 3587 624 3650 sententiam
646 3587 746 3646 neseio
762 3587 834 3666 quid
856 3587 985 3664 optatius
1000 3587 1134 3648 aeoidere
1155 3587 1288 3665 potuerit
1303 3607 1391 3669 quam

307 3689 384 3766 quod
405 3707 498 3748 unum
513 3686 713 3748 firmissimum
729 3690 897 3768 exemplum
917 3689 1004 3752 titulo
1019 3689 1142 3749 Aeolioo
1161 3689 1257 3766 primo
1273 3689 1390 3750 saeenlo

305 3808 333 3864 p.
355 3790 386 3848 0.
403 3809 433 3848 n.
456 3795 578 3850 exarato
602 3788 684 3850 ouius
707 3790 868 3862 „dialeotus
891 3792 1003 3854 severia
1023 3792 1140 3866 legibus
1160 3792 1304 3852 adstricta
1326 3797 1389 3852 est“

305 3891 452 3952 adfertur:
483 3883 680 3962 ὀνσταθείσας
702 3891 752 3969 (ei.
777 3893 893 3956 Kaibel.
922 3914 951 3970 p.
969 3898 997 3954 4.
1026 3914 1055 3954 n.
1076 3894 1102 3953 7.
1130 3893 1151 3954 l.
1169 3899 1198 3954 6.
1227 3914 1255 3971 p.
1276 3895 1343 3972 12),
1372 3915 1389 3952 e

305 4009 363 4069 que
385 3991 482 4052 eluoet
503 4013 541 4052 ne
562 3993 724 4054 Aeolenses
753 3995 871 4074 quidem
896 4015 1012 4073 semper
1037 3995 1120 4058 illam
1146 3995 1389 4060 consuetudinem

303 4092 443 4154 tenuisse.
