3114 4994
682 485 743 552 163

170 637 268 698 dolam
289 637 411 701 redolet
456 637 554 700 Huius
575 658 648 701 vero
669 640 873 718 putidissimae
895 641 1121 720 explanationis,
1144 662 1203 724 que
1222 648 1258 706 ut

170 739 271 802 venies
292 740 424 800 eiusdem
438 741 570 804 notionis
591 743 702 804 formes
723 748 827 820 utpote
841 743 929 804 metri
950 764 1038 806 oense
1052 747 1192 808 edmnsss
1208 746 1258 810 vel

165 843 250 904 dotes
264 849 483 905 oonsueverunt
496 863 638 906 exousere
657 845 700 906 sio
714 864 864 925 quamque
882 846 980 923 poetis
994 847 1147 910 lieentiem
1163 855 1256 910 ratem

73 985 77 994 ·
166 946 350 1018 habuerunt,
378 963 464 1022 spero
487 947 635 1007 neminem
663 948 727 1008 fore
751 967 840 1026 quem
868 949 1019 1010 insulsitas
1043 950 1175 1026 effugiet.
1218 953 1258 1014 ut

166 1048 231 1108 iure
246 1047 422 1124 Burgessius
439 1068 468 1125 p.
485 1048 562 1109 XVI
583 1054 688 1110 eontra
704 1068 763 1123 eos,
788 1050 839 1128 qui
854 1051 1014 1112 varietates
1030 1071 1080 1112 eas
1094 1053 1258 1114 Homerum

167 1150 303 1214 oonsulto
318 1157 349 1210 et
366 1168 405 1208 ex
418 1149 541 1210 lieentia
555 1169 614 1230 que
633 1152 712 1230 quod
732 1157 857 1212 metrum
874 1152 1028 1214 odinveret
1041 1174 1127 1214 suum
1140 1156 1260 1218 feeisset

166 1252 337 1314 sdhibuisse
359 1255 544 1324 oensuerant,
567 1253 761 1316 exelemevit:
789 1257 840 1334 ‘At
862 1254 927 1332 quis
955 1261 1014 1314 tem
1038 1256 1131 1318 multe
1151 1258 1259 1320 eoloris

166 1355 243 1419 varii
263 1360 355 1435 etque
374 1355 487 1414 formes
508 1355 648 1418 edhibers
670 1355 817 1418 voluerit?
854 1355 921 1435 quis
943 1357 1059 1418 demum
1081 1377 1185 1422 ausum
1206 1379 1258 1437 pa·

167 1458 279 1520 tientes
306 1452 440 1533 legerit'?
483 1456 643 1517 Enimvero
674 1476 860 1538 nequaquam
889 1477 990 1518 omues
1012 1460 1178 1522 Aeolismos
1206 1463 1258 1542 qui

168 1565 290 1622 exstent
307 1564 432 1620 metrum
452 1564 582 1633 exoueet‚
607 1561 686 1639 quod
708 1559 767 1618 iam
783 1561 924 1620 Fosterus
946 1563 1024 1638 apud
1039 1562 1127 1640 Burg.
1150 1585 1179 1640 p.
1196 1570 1257 1624 398

170 1663 323 1739 disputans
344 1661 560 1722 nominativum
593 1660 625 1720 in
651 1683 670 1718 α
691 1660 845 1722 Aeolioum
873 1663 1044 1744 ⁴Homerum
1072 1685 1132 1725 non
1163 1667 1259 1728 solum

171 1769 292 1841 propter
313 1764 400 1824 metri
421 1763 626 1826 nenessitatem
648 1763 727 1824 siout
744 1763 776 1822 in
801 1758 914 1823 ἱππότα
937 1761 1071 1843 Νέστωρ,
1095 1769 1146 1826 sed
1169 1769 1257 1830 etiem

171 1867 222 1934 ubi
244 1866 362 1943 plenior
382 1865 553 1926 terminatio
576 1865 608 1924 in
623 1885 658 1939 ης
679 1865 791 1942 pariter
813 1865 912 1926 versui
927 1868 1108 1942 conveniret,
1130 1869 1207 1931 siout
1227 1871 1260 1930 in

169 1963 380 2047 νεφεληγερέτα
405 1961 480 2036 Ζεύς
502 1962 679 2027 adhibuisse'
703 1967 887 2040 observavit,
915 1968 967 2028 ubi
990 1987 1028 2028 ne
1050 1971 1259 2032 eudeoissimus

171 2071 291 2151 quidem
313 2071 433 2130 eritious
453 2069 608 2145 analogiae
628 2069 774 2128 rationem
796 2071 935 2149 persequi
957 2071 1038 2132 velit
1083 2070 1170 2146 Quid,
1192 2093 1259 2134 enm

170 2191 260 2254 quam
282 2173 378 2249 legem
399 2172 557 2244 Homerus,
580 2177 614 2231 ut
627 2169 875 2247 Skrneozkee³⁶)
890 2171 1040 2232 looutione
1056 2179 1130 2247 uter,
1153 2175 1209 2236 sibi
1226 2176 1259 2236 in

168 2295 227 2336 usu
247 2275 376 2352 plurium
396 2275 557 2334 formarum
573 2291 649 2351 quee
671 2291 750 2332 nuno
773 2273 897 2334 diversis
920 2273 1053 2336 dieleotis
1067 2275 1260 2352 adsignentur

169 2377 394 2456 praeseripserit
407 2376 582 2454 plerumque
597 2375 775 2451 ignoremus,
793 2376 900 2456 ouique
916 2377 1066 2438 Aeolismo
1082 2379 1259 2455 peoulieresn

171 2480 374 2542 eondioionem
395 2479 537 2539 monemur
558 2496 595 2538 en
610 2477 643 2536 iu
658 2477 830 2540 universum
844 2497 933 2538 unum
948 2498 1065 2540 oensem
1081 2500 1157 2559 quee
1171 2481 1260 2540 simul

172 2601 275 2644 omnes
289 2583 421 2658 explioet
435 2578 622 2642 miseremus?
668 2578 810 2646 Quamvis
825 2581 917 2656 igitur
938 2581 988 2641 vel
1008 2581 1193 2662 frequentior
1209 2582 1259 2644 vel

171 2685 266 2747 serior
292 2684 406 2744 formae
435 2683 560 2742 alieuius
590 2702 660 2742 usus
690 2702 708 2740 e
736 2684 942 2744 commoditate
971 2684 1095 2744 metrioe
1121 2686 1258 2760 pendent,

172 2793 271 2853 temen
297 2785 396 2866 quivis
422 2785 506 2847 videt
532 2785 626 2861 ipsius
648 2784 728 2844 Iedis
754 2785 962 2846 abundantiam
990 2803 1078 2866 quam
1100 2786 1259 2848 maximum

172 2895 262 2969 atque
284 2889 458 2950 facilitatem
482 2887 554 2950 setis
574 2887 665 2946 fuisse
691 2888 727 2947 ad
748 2907 852 2948 versus
873 2889 1045 2966 explendos.
1087 2889 1164 2950 Sane
1184 2891 1257 2952 vero
1307 2918 1311 2928 ·
1349 2962 1352 2968 1

171 2993 253 3054 aliud
278 2998 325 3052 est
340 2991 378 3050 -si
406 2997 509 3067 poetes
531 2990 648 3050 Ioniees
677 2989 760 3050 tenni
789 3009 893 3050 versus
916 2991 1097 3067 prooudendi
1126 2990 1259 3054 sollertia

172 3103 291 3158 ooeotos
311 3093 409 3154 aliena
429 3112 469 3152 ex
491 3093 597 3157 alienis
620 3092 752 3154 dialeotis
773 3092 895 3168 petiisse
916 3099 1036 3168 statuas,
1058 3093 1136 3154 eliud
1159 3094 1185 3154 si
1207 3113 1259 3156 eos

171 3199 283 3268 formes
305 3215 381 3276 quae
401 3195 520 3256 aliunde
549 3195 608 3252 iem
630 3200 748 3271 praesto
778 3201 863 3256 erant
884 3203 1005 3273 propter
1032 3196 1120 3258 metri
1142 3198 1259 3274 pondus

172 3300 358 3379 aptissimum
371 3297 422 3358 vel
435 3297 494 3358 elie
508 3298 543 3356 de
559 3315 647 3359 oense
661 3317 715 3374 pro
735 3297 902 3359 vernaculis
917 3298 1075 3361 adsoivisse
1089 3298 1138 3362 vel
1158 3299 1259 3377 potius

173 3402 331 3464 retinuisse
346 3401 401 3460 tibi
417 3399 601 3476 persuadeas.
646 3399 684 3458 In
706 3398 782 3458 hene
797 3404 909 3475 partem
927 3398 1042 3462 Gissius
1057 3422 1085 3479 p.
1102 3407 1169 3462 193.
1187 3407 1258 3462 200.

174 3509 206 3565 et
219 3503 366 3579 Bergkius
387 3521 416 3578 p.
435 3506 504 3560 854.
522 3521 565 3579 sq.
586 3505 646 3560 862
670 3501 896 3577 disputaverunt
916 3506 1006 3581 atque
1027 3503 1105 3562 eadit
1118 3502 1260 3563 Ahrensii
1329 3551 1332 3556 .

174 3605 323 3669 sententie
336 3603 490 3665 verissima
504 3621 592 3684 quem
615 3621 654 3662 ex
676 3602 744 3662 diss.
766 3603 802 3662 de
818 3603 933 3679 eoniug.
956 3602 989 3662 in
1010 3623 1044 3679 μι
1058 3604 1179 3664 Homer.
1194 3625 1223 3682 p.
1239 3609 1257 3664 2

174 3707 248 3785 ipsis
269 3707 368 3768 verbis
388 3707 568 3766 inseremus:
590 3705 651 3788 ⁴der
665 3704 850 3766 homerisohe
865 3704 981 3765 Dialeet
995 3705 1036 3766 ist
1050 3705 1098 3766 ein
1113 3707 1261 3768 wehrheft

178 3808 368 3886 orgenisohes
389 3808 631 3884 Neturgeweons,
653 3807 737 3867 nieht
758 3807 849 3868 duroh
871 3807 1080 3884 Neohbildung
1101 3809 1172 3870 oder
1187 3809 1260 3868 Ver-

176 3913 332 3986 mieohung
353 3911 580 3973 versohiedener
595 3909 727 3970 Dialeote
742 3909 894 3969 kiinstlioh
911 3910 1087 3970 entstenden
1109 3913 1187 3970 noeh
1207 3929 1260 3972 aus

176 4016 273 4076 einana
294 4013 486 4089 gesteltlosen
500 4012 693 4090 Spraohteige
713 4012 755 4070 im
769 4011 864 4086 'l'roge
886 4012 938 4072 des
953 4012 1060 4072 Verses
1078 4030 1261 4072 zusammen·

177 4113 336 4194 geknetet'.
359 4150 400 4160 -
438 4117 531 4176 Credo
553 4134 624 4178 vero
647 4114 784 4193 equidem
806 4132 923 4174 oausam
946 4114 1024 4193 quod
1045 4113 1147 4193 alique
1167 4113 1262 4176 forme

176 4225 271 4282 metro
294 4240 355 4278 non
376 4219 542 4296 postulatur
569 4236 630 4276 non
650 4216 786 4276 idoneem
816 4234 880 4274 esse
908 4216 943 4276 ed
968 4233 1033 4275 eam
1055 4215 1261 4294 expellendam

247 4357 291 4418 36)
309 4357 339 4403 cf.
357 4357 383 4404 in
401 4354 503 4404 Seebod.
522 4358 547 4402 et
564 4353 632 4400 lehn.
650 4366 708 4400 ann.
725 4352 774 4400 vol.
792 4352 873 4414 suppl.
891 4352 911 4398 1.
928 4365 951 4412 p.
964 4352 1023 4400 διδ.

982 4442 1016 4499 ll
1027 4436 1047 4474 ἦ
