3092 4996
693 483 732 550 21

170 635 375 704 6611616666
390 643 445 703 τοῦ
460 637 590 719 μέτρου),
616 642 667 700 666
681 641 856 720 plerumque
872 643 1040 716 correptum
1055 643 1108 712 eet,
1127 641 1257 702 litterae

170 766 236 807 oum
256 746 489 823 conpensatione
506 742 601 802 eiecta
624 743 744 802 videtur
759 747 856 802 ortum
872 760 944 802 esse.
976 739 1024 818 (of.
1042 741 1133 802 Hom.
1150 735 1209 816 ἠΰς
1226 747 1258 804 61

170 839 221 916 ἐῢς
241 868 295 925 666
314 844 390 922 love,
414 849 494 907 (1661.
514 865 543 922 p.
563 843 646 922 351.)
677 843 832 904 Aeolicum
848 843 941 920 igitur
958 845 1023 902 6661
1044 833 1108 919 loco
1129 844 1216 921 (666.
1232 847 1257 904 I.

169 956 219 1024 26,
245 949 327 1028 103),
348 949 382 1008 in
400 947 579 1010 carminibus
601 951 698 1006 autem
720 943 889 1004 Homericis
910 948 941 1004 et
961 943 1114 1020 vulgarem
1137 949 1168 1004 et
1189 964 1258 1006 con-

168 1055 293 1112 tractam
309 1052 436 1109 formam
452 1041 538 1127 (1ρός,
561 1040 641 1122 dordr
656 1047 693 1104 Ε.
714 1051 761 1106 10.
788 1047 826 1105 Π.
845 1051 915 1106 694.
939 1067 959 1105 ι.
975 1051 1043 1120 198,
1064 1039 1154 1121 iperio
1171 1043 1194 1117 ξ.
1207 1051 1258 1106 94.
1317 1061 1323 1081 ’

168 1173 196 1226 ρ.
215 1157 286 1212 181.
308 1156 421 1210 6166.
443 1171 470 1209 v.
490 1154 560 1223 251,
583 1147 649 1227 1661
672 1149 712 1207 Ν.
732 1154 803 1209 666.
829 1149 862 1208 0.
881 1148 953 1208 aar.
977 1149 1018 1209 Π.
1040 1153 1109 1207 666.
1132 1149 1256 1208 6616.

171 1254 209 1312 Φ.
223 1253 307 1330 494),
330 1252 421 1314 etiam
437 1253 515 1328 apud
530 1254 747 1311 Anacreontem
764 1251 812 1328 (fr.
829 1253 899 1331 149)
917 1245 1168 1328 66616666,
1189 1269 1257 1310 oum

167 1357 201 1416 in
222 1354 354 1432 pedestri
375 1355 477 1414 Ionico
504 1373 639 1414 sermone
660 1354 786 1413 formam
815 1373 876 1412 non
898 1355 1078 1413 contractam
1103 1351 1257 1432 usquead

76 1525 78 1530 ,
170 1461 310 1538 quartum
331 1455 479 1516 saeculum
505 1455 606 1515 tritam
630 1455 723 1514 fuisse
744 1455 907 1516 certissime
934 1455 1017 1515 tituli
1044 1456 1256 1527 demonstrent,

169 1577 263 1638 quare
280 1558 366 1619 66166
381 1556 501 1616 dubium
518 1562 572 1630 est,
594 1577 666 1616 num
686 1547 752 1615 iord
767 1556 914 1618 Herodoti
931 1557 1059 1617 editores
1076 1561 1258 1616 contractam

170 1659 301 1720 scribant
323 1678 397 1738 quas
419 1659 452 1717 in
473 1658 571 1718 titulis
591 1660 709 1719 demum
728 1658 849 1718 dimidio
871 1658 935 1718 fere
952 1658 1068 1719 saeculo
1086 1663 1155 1736 poet
1175 1658 1258 1718 illius

168 1765 296 1821 aetatem
317 1758 509 1836 adparet10).
554 1760 670 1820 Gicsius
695 1760 836 1822 videlicet
856 1779 884 1836 p.
902 1765 963 1818 409
979 1781 1022 1842 sq.
1050 1779 1118 1819 cum
1139 1765 1258 1837 praeter

167 1867 281 1922 6661666
302 1863 400 1922 lenem
421 1861 505 1923 vocis
524 1857 591 1938 ἴρηξ
609 1881 697 1942 quam
713 1862 863 1920 Hesiodus
885 1881 1004 1942 quoque
1026 1867 1126 1920 6212
1149 1867 1180 1922 et
1194 1863 1257 1920 He-

166 1965 289 2024 rodotus
305 1965 347 2024 II.
370 1983 395 2024 c.
411 1967 461 2037 66,
485 1964 524 2022 67
548 1966 701 2040 praebent,
723 1963 813 2023 etiam
830 1963 994 2040 scripturae
1017 1955 1097 2040 1ρεῦς
1119 1954 1184 2041 1666
1204 1983 1257 2024 66-

167 2065 256 2141 stigio
283 2067 362 2143 apud
390 2064 596 2140 grammaticos
623 2063 797 2141 reperisset,
825 2063 986 2124 arbitratus
1014 2064 1167 2124 Aeolicam
1194 2085 1257 2125 non

167 2166 263 2226 solum
286 2166 519 2226 contractionem
546 2166 598 2225 scd
625 2165 714 2226 etiam
737 2164 860 2241 psiloein
887 2164 920 2224 in
942 2165 1067 2224 Homeri
1089 2165 1256 2226 elocutione

166 2267 330 2328 adhibitam
346 2267 438 2326 fuisse
456 2272 575 2344 poetam
592 2268 703 2326 formas
723 2269 761 2326 ab
784 2263 1034 2344 iso-incipientes
1056 2268 1173 2343 saepius
1190 2267 1257 2348 qui·

168 2370 235 2428 dem
256 2387 429 2445 usurpasse,
459 2370 512 2428 666
538 2369 589 2428 661
612 2369 699 2428 metri
726 2368 918 2428 commoditas
938 2367 1116 2444 flagitasset,
1145 2387 1196 2428 eas
1217 2371 1255 2428 ab

168 2467 375 2549 lo-Aeolicas‚
405 2491 467 2531 non
496 2490 572 2551 quae
594 2472 794 2532 scriberentur
815 2467 878 2546 1ρ-,
908 2469 1061 2530 admisisse
1082 2469 1257 2530 stamineis

166 2572 298 2633 locutus:
331 2573 569 2654 ι6666661666666
598 2573 648 2632 661
678 2573 807 2645 Homer,
839 2571 886 2632 die
916 2572 994 2631 6666
1023 2571 1128 2648 irgend
1157 2572 1255 2632 einem

166 2672 334 2733 aeolischen
352 2674 473 2752 Princip
496 2674 629 2750 gebildet
649 2674 724 2748 sind,
746 2675 845 2733 haben
866 2677 939 2734 statt
954 2675 1006 2733 666
1026 2673 1148 2751 66161166
1168 2693 1256 2752 asper

166 2776 224 2834 den
244 2775 321 2836 lenis
343 2775 509 2852 gleichfalls
535 2779 612 2837 nach
633 2777 797 2836 aeoliseher
817 2771 911 2836 Sitte'.
955 2774 1051 2839 Quam
1076 2776 1255 2836 sententiam

163 2897 269 2955 parum
296 2883 374 2938 stare
395 2898 482 2955 posse
505 2879 651 2939 existimo.
694 2879 770 2937 Num
792 2878 920 2954 primum
946 2877 1036 2937 nimis
1058 2878 1187 2938 confisus
1208 2883 1255 2938 661

164 2980 318 3057 analogiae
339 2981 422 3042 vocis
443 2976 509 3055 ἴρηξ
527 2985 632 3056 utpote
652 3000 706 3057 pro
729 2980 897 3060 antiquiore
919 2975 1000 3055 ἱέραξ
1021 2979 1144 3056 6661166,
1170 2980 1254 3040 66166

164 3082 406 3155 contractionem,
428 3082 508 3160 apud
525 3081 646 3159 Gregor.
664 3082 796 3142 Corinth.
814 3083 850 3140 66
868 3081 935 3140 dial.
952 3082 1019 3140 Ion.
1036 3079 1061 3159 5.
1077 3081 1188 3140 LXVI.
1206 3083 1252 3142 ed.

164 3182 279 3246 Sabaei.
295 3205 324 3261 p.
342 3186 403 3245 475
425 3184 558 3244 Ionicum
575 3183 752 3256 audientem,
775 3183 865 3261 (sicut
880 3183 991 3262 ubique
1008 3184 1044 3242 de
1059 3182 1163 3259 6611661
1179 3203 1253 3262 quo-

165 3305 225 3365 que
241 3287 435 3360 statuebatur,
456 3286 651 3364 6166116666.
668 3287 704 3344 66
722 3285 756 3344 0.
770 3286 841 3359 237,
857 3286 893 3344 Σ.
906 3284 990 3363 616),
1012 3303 1045 3343 66
1059 3303 1132 3344 vera
1142 3283 1252 3344 factam

165 3405 230 3446 6666
244 3405 341 3462 nuper
354 3407 416 3446 non
427 3388 491 3448 sins
506 3388 571 3448 veri
587 3387 686 3465 specie
696 3387 900 3463 Legerlotaius
912 3387 946 3446 in
956 3386 1071 3446 Kuhnii
1085 3405 1153 3445 ann.
1165 3385 1251 3446 VIII.

165 3508 195 3565 p.
213 3487 348 3546 47-49
376 3489 409 3547 16
437 3490 652 3550 dubitationem
673 3489 794 3550 vocavit
814 3489 979 3566 suspicatus
1002 3485 1067 3566 1ρηξ
1089 3507 1105 3546 6
1127 3478 1252 3565 ΕάρΡαξ

165 3594 268 3650 natum
283 3608 318 3650 ac
334 3591 471 3667 populari
485 3592 602 3652 demum
618 3590 816 3668 originatione
829 3591 867 3650 ad
883 3589 1062 3651 adiectivum
1076 3582 1155 3669 ἱερός
1167 3589 1252 3668 quasi

165 3698 324 3768 cognatum
345 3692 524 3769 adplicatum
546 3699 576 3754 et
596 3694 630 3752 in
652 3689 732 3771 ἱέραξ
753 3693 995 3753 transformatum
1015 3711 1095 3763 esse;
1125 3691 1205 3770 qnod
1226 3690 1252 3751 61

165 3814 219 3872 666
237 3794 303 3855 6661
318 3793 409 3854 simili
426 3794 578 3871 accipitur,
599 3799 730 3872 praestat
741 3795 874 3855 Ionicum
888 3813 995 3855 vocare
1010 3792 1144 3870 66116616.
1176 3791 1252 3852 uum

165 3915 236 3957 vero
258 3896 330 3958 satis
346 3897 424 3957 clere
446 3902 550 3957 auctor
567 3897 658 3956 lexici
674 3892 742 3975 6661
759 3888 938 3971 πνευμάτων
959 3916 987 3972 p.
1004 3900 1064 3953 229
1085 3895 1129 3953 66.
1146 3894 1250 3954 Valck.

166 3997 256 4072 dixit,
287 3991 368 4078 ἷρὸς,
397 3991 477 4079 ἴρεύς
498 3998 616 4078 aliaque
636 3999 782 4058 vocabula
809 4018 870 4058 non
892 3997 951 4057 alia
971 3998 1007 4055 66
1030 4015 1117 4056 causa
1138 4013 1156 4054 a
1177 4015 1253 4055 non-

165 4099 256 4160 nullis
277 4095 454 4182 παραλόγως
473 4100 535 4160 1661
555 4100 701 4160 instructa
721 4119 794 4173 esse,
816 4119 905 4180 quam
927 4098 1006 4178 qnod
1025 4103 1126 4160 essent
1146 4112 1252 4176 συγκο-

165 4203 370 4214 ...Ἥ

237 4237 279 4297 10)
297 4235 388 4286 Videas
405 4236 506 4285 11666661
525 4236 583 4284 6166.
608 4235 639 4284 de
655 4235 746 4286 1116166.
761 4235 838 4285 16616.
855 4234 913 4283 dial.
931 4233 956 4282 16
975 4233 1053 4283 curtii
1071 4232 1140 4281 6166.
1157 4233 1207 4281 vol.
1219 4233 1251 4280 V.

163 4332 187 4379 p.
201 4323 259 4370 291.
