3092 4996
691 511 732 578 85

162 660 249 724 libris
266 665 357 741 igitur
372 665 587 748 antiquissimis
607 674 671 730 crat
683 671 914 742 ΔΙΟΝΓΣΟΣ,
938 673 1017 750 quod
1032 672 1149 731 diverso
1167 673 1252 731 modo

162 771 281 844 poterat
298 769 374 844 legi:
399 761 565 840 Διόννυοος
580 763 735 841 Διώνυσος
752 765 929 841 Διούνυοος.
974 773 1032 832 Sed
1050 774 1174 832 formam
1192 774 1251 833 for·
1328 789 1335 802 ‘

160 869 238 930 sitan
257 887 296 928 cx
314 871 455 932 Boeotica
472 872 596 932 dialecto
622 875 659 932 ab
684 874 855 936 Homeridis
879 877 1048 952 adoptatam
1066 893 1130 935 esse
1154 893 1250 948 nemo,

159 976 243 1048 puto,
266 973 441 1044 contendet3
464 975 571 1050 potius,
595 994 661 1035 cum
678 996 701 1034 ω
718 996 783 1035 oum
802 977 883 1038 Iadie
899 977 1113 1038 consuetudine
1128 983 1250 1053 pugnet,

157 1073 284 1134 formam
309 1079 371 1144 τοῖς
396 1076 729 1156 μετοχαρακτηοίζουοιν
749 1080 906 1159 quisquam
928 1099 982 1156 pro
1007 1071 1189 1152 Διούουοος,
1212 1079 1251 1138 si·

160 1181 212 1236 cut
235 1176 355 1236 unicum
380 1171 527 1256 ἐριούνιος
551 1179 660 1255 legitur
682 1199 737 1257 pro
765 1174 915 1258 ἐοοοὶνιος,
938 1182 1057 1258 inputet
1092 1185 1143 1240 dut
1169 1182 1251 1261 quod

157 1278 340 1340 tutissimum
356 1286 415 1354 est,
438 1285 568 1342 veterem
592 1283 796 1358 productionis
811 1285 956 1344 rationem
975 1303 1015 1342 ex
1032 1281 1180 1342 communi
1197 1302 1250 1342 an-

158 1379 300 1460 tiquitate
324 1381 356 1442 in
379 1383 436 1444 hoo
461 1383 652 1445 celeberrimo
678 1385 798 1445 nomine
821 1386 1016 1446 inveteratam
1041 1385 1171 1446 haesisse
1192 1385 1249 1444 sibi

116 1549 118 1554 ,
157 1483 343 1560 persuadeat
951 1545 955 1552 .

246 1583 278 1662 5)
300 1586 450 1648 bmeisius
464 1609 493 1666 p.
507 1593 546 1648 24
562 1588 713 1650 Aeolicam
726 1590 950 1664 productionem
967 1590 1000 1648 in
1016 1589 1249 1666 vulgaribusad·

156 1685 276 1748 iectivis
293 1679 450 1765 ἀνώνυμος
469 1685 643 1767 ὅοςοόνυμος
658 1691 724 1750 aliis
740 1691 775 1750 de
790 1710 916 1771 qnorum
931 1692 1028 1752 vocali
1045 1710 1133 1769 apro
1150 1711 1166 1750 o
1186 1711 1245 1752 non

157 1787 253 1848 solum
263 1790 386 1852 Aeolion
395 1794 445 1854 sed
456 1793 603 1854 communi
612 1794 670 1852 iam
681 1793 753 1866 dixi,
777 1795 992 1870 agnoscendam
1006 1813 1070 1854 esse
1078 1794 1184 1854 statuit
1194 1813 1247 1871 pro

156 1889 262 1952 Ionica
279 1884 394 1969 adrepe
413 1895 566 1956 Aeolicum
588 1886 693 1971 daupu
716 1897 894 1971 subponens
940 1895 1025 1956 Licet
1047 1900 1146 1955 autem
1168 1903 1248 1956 recte

156 2009 190 2052 se
204 1993 440 2069 paeniteatne,
465 1998 586 2058 minime
600 1997 754 2074 probabile
774 2001 833 2067 est;
856 1997 944 2073 plane
961 2017 1033 2058 vero
1050 1998 1152 2056 eadem
1177 2017 1247 2056 oon·

156 2093 275 2156 dicione
292 2098 388 2160 utitur
407 2118 469 2160 vox
495 2093 675 2178 πανήγυρις,
708 2099 791 2159 cuius
809 2099 963 2176 productio
981 2118 1042 2159 non
1067 2118 1107 2158 ex
1123 2100 1245 2159 Aeolide

156 2201 249 2273 patet,
273 2205 363 2279 atque
378 2202 506 2278 plurima
523 2201 582 2262 alia
596 2201 741 2262 vocabula
758 2201 902 2277 praebent
917 2202 949 2260 in
969 2202 1161 2262 commissura
1176 2203 1246 2262 dua-

158 2315 226 2362 rum
245 2321 350 2362 vocum
369 2306 541 2380 productam
560 2304 708 2365 vocalem:
731 2297 930 2382 γαμψώνυχες
951 2295 1168 2382 κρατερώνυχες
1194 2326 1245 2362 aa·

155 2397 294 2480 τωοοχήο
308 2402 468 2483 οἰκωφελίη
484 2398 626 2483 adiperos
642 2396 776 2480 ὑπήκοος
788 2398 969 2484 δυςήρετμος
983 2405 1041 2464 alia
1057 2405 1106 2482 (of.
1117 2407 1244 2468 Bskker.

156 2504 256 2566 sobed.
273 2507 360 2566 Hom.
379 2509 396 2566 Ι
420 2529 448 2585 p.
466 2509 536 2568 278.
558 2512 628 2568 aab.
654 2507 760 2568 Hartel
776 2529 804 2586 p.
818 2509 901 2586 396).
955 2507 1102 2568 Christius
1125 2509 1244 2590 quidem
1274 2537 1277 2548 ·

158 2608 393 2670 contractionem
423 2612 573 2672 exstitisse
598 2601 672 2685 ὁμο·
685 2629 794 2685 ονυμος
823 2607 1050 2690 apameo-ova}
1080 2610 1245 2671 estimavit

155 2728 187 2786 p.
203 2713 252 2784 53,
275 2712 393 2773 Curtius
411 2733 482 2775 vero
499 2715 535 2773 de
553 2719 642 2790 temp.
662 2713 692 2772 e't
709 2714 785 2772 mod.
803 2734 831 2791 p.
851 2718 918 2772 144.
937 2705 1109 2793 popoiaep'oc
1129 2703 1244 2771 ciceian-

157 2831 214 2887 μος
232 2805 399 2891 ἡμιόβολος
415 2809 622 2894 δολιχήρετμοι·
639 2807 775 2891 despicio
795 2815 1103 2892 euphonioaerationi
1119 2816 1244 2892 produc·

156 2913 271 2976 tionem
294 2917 402 2978 debere
426 2919 576 2995 probavit,
607 2919 677 2998 quia
696 2917 806 2978 Graeca
832 2917 935 2992 lingna
956 2917 1085 2994 plurium
1108 2918 1244 2979 brevium

157 3016 337 3094 syllabarum
353 3021 495 3080 continuo
511 3020 755 3100 subsequentium
770 3019 920 3096 inpatiens
931 3019 989 3079 fnit
1003 3021 1043 3096 (v.
1056 3019 1115 3079 Erl.
1130 3040 1159 3097 p.
1176 3023 1243 3080 115.

156 3119 274 3180 Hartel.
290 3139 319 3198 p.
332 3124 422 3199 461);
452 3122 605 3184 Her-telius
622 3123 715 3200 igitur
733 3123 784 3182 ubi
801 3122 916 3202 liquida
929 3122 1063 3182 vocalem
1084 3122 1244 3198 exciperet,

156 3221 248 3282 etiam
263 3223 296 3282 in
314 3225 419 3285 mediis
433 3225 575 3298 vocibus,
603 3225 635 3284 in
654 3225 794 3284 duratura
816 3225 897 3284 illius
917 3223 1161 3301 pronuntiatione
1177 3242 1244 3284 cau·

156 3341 220 3384 sem
235 3327 417 3402 producendi
438 3345 503 3388 osse
527 3327 654 3404 positam
677 3327 792 3403 accepit
810 3327 859 3406 (cf.
878 3335 978 3388 tamen
992 3328 1072 3386 Cart.
1092 3325 1174 3386 Stud.
1191 3326 1243 3385 IV.

155 3445 186 3504 p.
202 3431 274 3488 aso.
291 3429 341 3507 a).
386 3432 493 3511 reque
511 3429 635 3490 nmeisii
657 3427 859 3506 explanationi
878 3408 966 3509 qiam
985 3427 1112 3488 manne
1131 3427 1243 3488 nirano.

231 3613 256 3693 ἓ.
280 3622 308 3676 9.
361 3617 413 3678 De
436 3618 597 3680 diaeresi
622 3617 891 3678 contractione
913 3617 1170 3692 correptione

530 3720 863 3797 diphthongorum.

251 3839 397 3919 Pleraque
425 3859 501 3920 quae
534 3840 590 3899 hac
620 3839 806 3916 paragrapho
840 3837 1076 3914 conprehendam
1105 3837 1244 3898 inmerito

155 3939 189 4000 in
212 3939 381 4001 Homericis
407 3942 585 4002 carminibus
610 3961 650 4000 ex
675 3940 814 4001 Aeolicae
839 3938 956 3999 dialecti
982 3939 1244 4026 consuetudinibus

156 4023 296 4102 dicuntur
317 4043 548 4121 explicationem
569 4044 687 4103 habere.

245 4143 276 4220 l)
294 4145 433 4206 Omnium
448 4147 698 4225 diphthongornm
712 4165 849 4206 verarum
860 4145 911 4222 Η)
929 4164 964 4205 ea
978 4149 1023 4206 cst
1032 4144 1129 4221 origo,
1147 4147 1184 4205 ut
1195 4145 1245 4205 vel

226 4281 270 4339 tl)
295 4281 444 4332 Abransium
473 4283 521 4330 duo
545 4281 662 4330 diaeresis
688 4293 780 4342 genera
803 4281 995 4342 distinguentem
1020 4280 1142 4328 Ameisias
1167 4293 1192 4348 p.
1213 4279 1244 4336 28

156 4369 223 4414 recte
240 4365 385 4416 confutavit.
