3114 4994
834 493 896 561 162

320 654 415 715 centis
437 651 552 730 origine
573 649 651 713 nihil
673 652 793 713 omnino
816 651 1007 712 emolumenti
1035 651 1072 712 ad
1098 651 1175 711 hanc
1196 667 1274 732 qnae
1300 655 1347 712 est
1372 651 1409 710 de

321 755 478 816 Aeolismis
506 756 710 836 quaestionem
740 754 949 817 absolvendam
977 755 1135 826 redundat,
1165 755 1246 834 quod
1274 752 1408 813 Giesium

320 877 381 918 non
408 859 536 918 latuerat
556 877 584 935 p.
604 857 662 916 179
675 855 741 934 Μ),
771 875 840 916 nom
861 857 995 933 proiecto
1023 855 1122 916 mistio
1145 874 1221 935 qnae
1248 857 1410 932 conspicua

319 970 365 1023 est
392 962 425 1020 in
453 961 633 1020 carminibus
658 960 753 1020 maior
780 966 826 1020 est
852 965 884 1018 et
909 959 999 1018 latine
1023 957 1107 1018 valet
1126 977 1215 1037 quam
1241 977 1297 1035 pro
1318 958 1409 1018 unius

318 1063 448 1123 hominis
476 1061 612 1143 quemvis
642 1063 747 1121 summi
775 1062 897 1137 ingenio
925 1079 959 1119 ac
984 1060 1110 1120 ratione.
1153 1061 1312 1120 Praeterea
1335 1061 1409 1119 haec

319 1185 407 1226 cause
423 1165 461 1224 iis
477 1163 559 1224 nulle
576 1166 689 1243 estqui
704 1163 807 1226 Wolfli
822 1161 1013 1247 argumentis,
1035 1162 1144 1242 quibus
1159 1157 1267 1244 ‘caiam
1281 1161 1410 1221 Homeri

319 1269 414 1346 ipsius
435 1263 531 1344 ceput’
542 1265 592 1346 ⁸⁶)
614 1268 649 1326 in
670 1285 768 1326 acrem
790 1266 874 1346 qussi
897 1264 1048 1337 dissolvit,
1070 1264 1158 1324 fidem
1179 1265 1300 1324 habent

402 1369 469 1429 Hac
496 1368 695 1446 explicatione
724 1368 835 1427 reiecta
861 1373 1045 1427 truncemus
1073 1368 1111 1425 ad
1138 1366 1261 1426 siem
1287 1386 1365 1446 quae
1391 1387 1409 1426 s

319 1472 517 1548 grammaticis
531 1473 698 1546 excogitata
719 1471 895 1549 plerumque
908 1468 1163 1529 favorabilisiuit
1207 1470 1319 1529 Metri
1343 1489 1407 1530 ne·

319 1573 562 1634 cessitudine
584 1577 698 1648 poete
718 1572 780 1632 vel
800 1577 937 1649 poetae
960 1572 1003 1629 ad
1028 1590 1164 1631 versus
1191 1571 1407 1648 explendos

319 1675 547 1750 confugisse
570 1675 821 1736 credebantur
842 1675 885 1732 ad
908 1674 1058 1733 alienae
1081 1674 1246 1734 dialecti
1268 1676 1406 1752 copias.

318 1776 367 1836 Sic
396 1777 488 1836 schol.
515 1775 577 1837 cod.
601 1774 636 1840 Q
669 1775 704 1836 de
735 1768 877 1852 ἀριζήλως
906 1795 959 1853 pro
983 1766 1129 1852 ῶριῶήλας
1154 1776 1253 1853 posito
1281 1778 1405 1838 addidit:

322 1877 422 1961 Ιδῆλον
450 1867 506 1936 οὖν
534 1870 580 1937 ὅτι
607 1876 641 1936 αἱ
667 1870 736 1954 παρ’
762 1871 883 1960 Ὁμήρῳ
911 1877 1091 1957 δισσολομίαι
1118 1870 1195 1936 eost
1222 1875 1328 1955 τέχνην
1358 1875 1401 1938 sot

317 1979 417 2060 χρείαν
431 1975 634 2060 προίρχονταῶ
654 1987 744 2061 atque
758 1983 795 2040 ad
811 1977 1014 2059 ὶπισμυμερῶς
1028 2001 1054 2058 γ.
1071 1985 1129 2040 195
1145 1982 1320 2041 adnotatum
1336 1983 1404 2059 legi-

317 2103 399 2144 mns:
425 2083 578 2161 σμυγερῶς
599 2074 649 2140 διὰ
671 2075 703 2142 τῶ
727 2078 836 2160 μέτρον
857 2082 1067 2158 παρείληπται,
1089 2079 1239 2152 Αἰολιιιῶς
1261 2080 1295 2142 δέ
1317 2081 1405 2144 ἔστιν.

316 2185 436 2246 Scilicet
463 2205 529 2246 oum
557 2186 744 2246 Alistarohus
773 2184 960 2262 potissimum
987 2184 1099 2244 formas
1127 2185 1164 2243 ab
1192 2186 1265 2246 Iade
1294 2188 1405 2247 alienas

316 2288 367 2348 ubi
390 2288 455 2347 fieri
475 2294 614 2365 potuerat
627 2287 861 2358 exterminasset,
882 2285 1005 2362 pronius
1019 2285 1078 2346 fuit
1091 2287 1124 2345 in
1138 2287 1216 2346 hanc
1230 2289 1404 2364 opinionem

316 2391 447 2450 incidere
474 2409 562 2471 quem
592 2394 710 2449 secutus
739 2405 878 2466 expresse
907 2388 999 2448 ochoi
1027 2389 1090 2448 eod
1120 2389 1196 2449 Viot
1227 2391 1264 2449 ad
1286 2391 1405 2470 Didymi

317 2495 425 2554 verbe:
454 2485 658 2571 κεκλήγοντες·
681 2482 724 2561 ῶς
745 2487 894 2569 λέγοντες·
919 2487 950 2549 ἐν
972 2491 1009 2572 τῇ
1030 2485 1114 2572 ἕτέρμ
1135 2492 1193 2551 τῶν
1214 2483 1405 2572 Ἀριστάρχου

317 2596 509 2673 semimitas,
529 2590 581 2652 sot
603 2587 699 2663 οὕτως
721 2591 753 2652 οἱ
771 2592 892 2662 πλείους
919 2593 955 2649 Π.
970 2597 1032 2652 430
1058 2592 1100 2653 sio
1121 2611 1239 2653 oensem
1261 2596 1405 2656 reddidit:

321 2689 359 2756 od
378 2690 434 2777 γὰρ
450 2687 613 2775 homino
634 2690 667 2755 τῶ
683 2689 827 2754 Αἰολικῶν
843 2691 951 2772 μέτρου
973 2685 1014 2769 μή
1033 2691 1213 2772 ἐντείνοντος,
1236 2713 1314 2774 quae
1332 2697 1406 2758 ratio

320 2800 483 2860 rectissime
510 2805 611 2859 notam
640 2799 731 2858 subiit
758 2817 775 2856 a
796 2797 896 2856 Giesio
917 2817 946 2874 p.
965 2802 1014 2856 40.
1058 2797 1105 2858 Ne
1126 2797 1207 2860 inter
1226 2799 1407 2860 recentiores

321 2903 441 2981 quidem
462 2921 498 2960 ee
518 2900 670 2960 excusatio
692 2899 780 2977 plane
802 2899 927 2976 explosa
947 2905 1000 2960 eet
1044 2901 1150 2980 Neque
1179 2901 1258 2961 enim
1280 2901 1405 2962 vaideo
1533 2951 1534 2974 2

319 3003 424 3063 Dionis
444 3003 545 3062 vorbis
566 3021 642 3082 quae
662 3003 760 3062 locum
790 3002 1052 3078 supralaudatum
1074 3001 1244 3079 excipiunt:
1273 2994 1354 3082 πρῶς
1375 2999 1406 3064 δὲ

321 3099 438 3174 τούτοις
467 3101 641 3181 μεταφέρων
670 3095 707 3163 od
739 3096 775 3161 τὰ
806 3104 974 3183 γειτνιῶντα
1006 3095 1116 3179 μόνον,
1152 3095 1224 3163 οὐδὲ
1252 3096 1314 3166 cino*
1348 3107 1407 3167 τῶν

322 3199 461 3287 ἐγγύθεν,
491 3199 564 3265 dut
591 3199 627 3264 τῶ
656 3208 790 3264 πλεῖστον
817 3197 963 3282 ἀπέχοντα
983 3239 1026 3252 -—
1048 3201 1100 3263 καὶ
1122 3198 1310 3268 οὐδὲτοῦτο
1330 3200 1403 3268 sord

321 3302 421 3388 χῶραν
443 3305 512 3381 ἐῶν,
534 3299 606 3366 dict
628 3299 664 3366 τῶ
679 3302 732 3382 μὲν
747 3300 897 3384 μητῶναν,
921 3301 957 3366 τῶ
979 3303 1011 3367 δὲ
1026 3308 1183 3388 συναιρῶν,
1205 3302 1241 3368 τῶ
1260 3307 1294 3370 δὲ
1315 3303 1404 3382 ἄλλους

321 3407 530 3492 παρατρέπων·
561 3411 701 3468 τελευτῶν
731 3405 763 3468 δὲ
791 3401 885 3469 adedo
911 3401 1077 3482 α’πέφαινεν
1105 3405 1143 3470 οὗ
1172 3404 1264 3487 μόνον
1292 3409 1406 3492 μέτρον

321 3506 459 3590 ποιητήν,
482 3505 554 3570 ἀλλὰ
574 3508 627 3571 καὶ
645 3504 786 3590 ῥημάτιον
809 3531 833 3573 e.
851 3533 878 3588 g.
895 3513 1044 3573 Dindorfii
1063 3513 1205 3574 iudicium
1221 3515 1309 3574 distat
1326 3515 1407 3593 quod

321 3617 398 3678 dixit
418 3617 451 3674 in
473 3615 619 3676 Herodoti
641 3616 686 3674 ed.
708 3614 807 3676 Didot.
830 3615 919 3692 p.11.
946 3619 1058 3695 ‘poetes
1080 3617 1179 3693 epicos
1207 3616 1306 3676 multis
1334 3637 1407 3678 usos

321 3737 386 3779 esee
415 3717 567 3778 vocabulis
597 3717 867 3796 vocabulorumque
897 3718 1001 3778 formis
1030 3717 1080 3778 vel
1110 3738 1148 3776 ex
1179 3719 1245 3778 aliis
1273 3717 1407 3779 dialectis

321 3820 422 3898 petitis
451 3822 500 3881 vel
527 3823 650 3896 propter
678 3819 765 3880 metri
792 3819 905 3879 heroici
933 3820 1139 3882 nenessitatem
1166 3817 1314 3882 inventie’.
1358 3822 1406 3878 lin
1530 3791 1531 3820 ³

321 3923 466 3981 rationem
481 3940 556 4001 quae
578 3920 677 3980 hercle
693 3921 949 3997 grammaticorum
967 3921 1061 3996 magis
1076 3941 1164 4002 quom
1185 3929 1338 4000 poetarum
1359 3922 1406 3982 in·
1530 3975 1531 4001 ,

391 4089 436 4156 84)
452 4091 520 4139 Bene
530 4092 654 4140 maius
670 4105 694 4151 p.
708 4091 738 4138 t:
756 4090 806 4154 ‘qui
817 4090 864 4139 sibi
877 4091 1033 4152 persuadeat,
1050 4092 1119 4142 iilum
1135 4099 1178 4140 aut
1193 4094 1283 4154 puerili
1300 4093 1407 4152 quedam

322 4174 424 4224 libidine
447 4177 545 4225 ducam
568 4181 611 4224 ant
631 4180 732 4237 propter
755 4190 867 4226 menum
884 4178 981 4226 ionicae
1005 4178 1103 4226 dialecti
1125 4179 1290 4239 cognitionem
1313 4180 1405 4240 passim

322 4261 396 4322 ponti
413 4262 533 4311 cannonis
549 4261 677 4310 admisisse
695 4260 793 4310 usumi‘

391 4343 435 4412 tt)
452 4343 556 4408 &noch
574 4345 605 4393 ii
622 4360 649 4406 p.
662 4346 704 4395 89.
