3092 4996
686 1288 732 1334 DE

217 1433 460 1510 chuclolu
484 1432 752 1510 ELOCUTIONIS
779 1433 980 1512 vusrlcsss
1006 1433 1201 1513 laubicis.

251 1666 324 1724 Cum
342 1669 458 1725 vetares
477 1665 646 1744 quicunque
665 1664 794 1722 studium
812 1669 843 1722 et
862 1664 1017 1738 ingenium
1034 1665 1072 1722 ad
1089 1685 1137 1724 res
1156 1684 1253 1740 gram-

165 1767 288 1824 matices
319 1767 509 1826 contulerunt
533 1766 567 1824 in
590 1766 759 1826 Homericis
788 1767 982 1839 carminibus,
1019 1787 1057 1826 ex
1086 1767 1193 1846 quibus
1218 1773 1254 1826 ut

167 1888 254 1928 omne
268 1869 449 1946 principium
461 1874 652 1946 sumpserunt
666 1869 709 1928 sic
722 1868 752 1926 in
766 1868 887 1943 linguae
898 1869 1027 1928 Graecae
1039 1870 1253 1947 discrepantias

164 1969 342 2046 inceperunt
358 1971 524 2051 inquirere,
554 1972 655 2049 plures
674 1971 817 2030 dialectos
842 1971 991 2029 adhibitas
1009 1990 1073 2028 esse
1092 1972 1164 2030 satis
1184 1992 1254 2030 con-

165 2073 292 2152 fidenter
309 2073 496 2145 statuissent,
519 2106 562 2114 —
585 2091 643 2151 qua
659 2072 693 2130 in
711 2093 745 2131 re
767 2071 907 2130 subsidiis
928 2090 999 2130 sans
1021 2073 1178 2134 severioris
1196 2073 1254 2131 dis-

166 2173 294 2250 cipliuae
313 2178 343 2231 et
363 2175 395 2231 in
414 2174 519 2250 primis
535 2174 651 2232 ratione
676 2192 751 2252 quas
768 2178 898 2232 aetatum
921 2172 1038 2230 demum
1060 2173 1185 2232 decursu
1203 2195 1254 2236 ex-

167 2275 276 2334 colitur
304 2275 461 2334 historiam
488 2275 608 2349 linguae
638 2280 668 2334 et
693 2274 887 2333 dialectorum
917 2275 1136 2351 contemplandi
1166 2295 1255 2354 quam

166 2377 296 2438 maxime
313 2377 448 2435 destituti
464 2397 525 2434 non
541 2397 609 2436 raro
626 2380 764 2435 errarunt
783 2376 862 2434 etin
877 2376 1051 2437 uuiversum
1068 2397 1173 2454 parum
1191 2379 1255 2455 pla-

167 2500 239 2538 num
262 2485 351 2558 atque
375 2480 503 2538 liberum
525 2480 716 2555 profecerunt
736 2479 879 2537 iudicium
904 2511 946 2520 -
969 2477 1050 2538 inter
1073 2480 1255 2540 recentiores

167 2582 278 2659 passim
299 2601 335 2640 ea
357 2581 457 2658 opinio
475 2581 649 2655 increbruit,
671 2582 836 2640 Homerum
853 2579 987 2653 linguam
1002 2581 1130 2656 priscam
1146 2589 1176 2642 et
1194 2605 1255 2644 om·

167 2684 255 2742 nibus
280 2684 392 2744 Graece
414 2684 605 2763 loquentibus
631 2683 785 2742 etiamtum
808 2702 994 2742 communem
1015 2703 1112 2763 nsque
1138 2685 1198 2744 iem
1222 2685 1255 2744 in

167 2787 309 2846 dialectos
327 2767 481 2846 discissam
498 2805 655 2862 usurpasse
678 2786 805 2865 ideoque
829 2790 881 2843 aut
893 2785 1040 2845 ¹Aeolidae
1061 2792 1113 2845 aut
1128 2787 1255 2846 Doricae

168 2888 293 2948 dialecto
310 2891 421 2948 formas
437 2907 510 2968 quas
526 2888 646 2946 Ionicus
658 2893 747 2964 poete
757 2887 827 2945 inde
845 2906 908 2945 esse
924 2892 1075 2946 mutuatus
1091 2890 1255 2948 censendus

168 2997 259 3063 esset,
283 3011 338 3050 nec
353 3011 440 3069 posse
456 3009 512 3049 nec
529 2991 636 3049 debere
652 2989 817 3064 adsignari3
842 3009 930 3068 quam
944 2989 1075 3066 amplexi
1092 2996 1162 3049 sunt
1177 2992 1255 3050 Har·

166 3092 273 3151 lessius
286 3093 313 3170 1)
333 3093 491 3152 Gedickius
502 3093 531 3170 2)
549 3092 686 3169 Heynius
698 3092 727 3169 8)
746 3093 946 3150 Buttmannus
958 3093 987 3168 4)
1005 3093 1215 3170 Bernhardyus
1225 3092 1254 3170 ὁ)

79 3273 81 3280 Ι
167 3193 349 3254 Matthiaeus
360 3193 388 3270 b¹)
402 3195 464 3254 alii.
507 3199 607 3274 Atque
618 3194 700 3253 idem
716 3198 851 3253 senserat
865 3193 1040 3267 Burgeseius
1058 3195 1109 3273 qui
1122 3196 1254 3254 Homero

167 3297 351 3354 Aeolismum
366 3298 396 3355 h.
414 3318 439 3356 e.
462 3297 634 3371 „Aeolicam
652 3297 716 3358 sive
733 3297 874 3355 Doricam
897 3296 1050 3374 antiquam
1069 3301 1099 3354 et
1115 3297 1178 3355 fere
1195 3297 1256 3375 pri-

168 3400 303 3456 maevam
328 3397 469 3456 Graecias
496 3399 655 3458 dialectum
678 3403 708 3457 et
731 3402 896 3456 ceterarum
916 3398 1083 3474 principem
1110 3403 1141 3458 et
1170 3399 1255 3478 quasi

168 3502 293 3556 matrem
310 3516 397 3576 quam
412 3499 611 3579 loquebantur
635 3520 695 3558 non
719 3519 779 3558 una
798 3520 885 3574 gens,
917 3500 968 3558 sed
986 3499 1103 3579 antiqui
1120 3499 1255 3562 universi

169 3595 292 3660 Graeci”
310 3599 514 3679 vindicavitl)
538 3623 626 3682 quam
643 3601 822 3660 sententiam
843 3621 904 3660 non
920 3601 1047 3660 debebat
1064 3601 1200 3660 Osannus
1221 3601 1254 3660 in

238 3752 263 3815 1)
281 3753 311 3798 In
328 3732 433 3798 Febris.¹
444 3750 502 3798 bibl.
522 3751 608 3801 Graec.
628 3754 647 3800 1.
664 3769 689 3814 p.
704 3756 762 3802 564.

237 3838 263 3901 2)
282 3838 307 3884 in
325 3837 499 3896 Promptuario
515 3838 589 3884 litter.
607 3842 631 3884 et
648 3840 737 3886 artium
754 3839 863 3886 Berolin.
882 3839 901 3885 Ι.
922 3841 945 3886 2.
963 3852 986 3898 p.
1001 3839 1032 3884 22
1052 3837 1085 3896 (a.
1106 3837 1192 3897 1782).

237 3921 263 3986 3)
280 3938 306 3968 v.
323 3922 394 3969 Iliad.
410 3926 468 3969 tom.
487 3921 541 3968 Vll.
560 3937 584 3982 p.
599 3925 655 3970 712.

237 4012 253 4056 4

238 4095 253 4139 5

256 4007 307 4070 )in
326 4021 428 4067 gramm.
447 4006 533 4054 Gracc.
551 4008 625 4067 ampl.
643 4007 679 4054 12.
698 4009 721 4069 ξ.
735 4009 757 4054 1.
770 4011 794 4056 4.
817 4024 842 4070 p.
856 4011 884 4069 3,
903 4009 925 4069 ᾗ.
940 4008 997 4056 107.
1020 4022 1047 4054 n.
1061 4003 1130 4069 8**).
1153 4020 1178 4066 p.
1192 4008 1251 4057 506.

255 4091 264 4154 )
281 4108 306 4140 v.
326 4094 382 4140 hist.
400 4093 474 4140 litter.
493 4092 579 4142 Graec.
597 4092 634 4138 1³.
652 4108 676 4153 p.
690 4095 730 4141 29.

238 4177 263 4240 6)
280 4179 306 4224 iu
324 4191 427 4237 gramm.
447 4177 535 4227 Gracc.
551 4179 570 4226 I.
590 4194 614 4240 p.
629 4182 651 4227 9.

239 4260 263 4325 l)
281 4262 400 4310 Confercs
424 4264 475 4312 eius
493 4265 575 4313 adnot.
600 4264 631 4312 cd
648 4264 757 4313 Dcwesii
774 4265 876 4316 miscell.
897 4264 973 4312 oritis.
993 4279 1017 4325 p.
1032 4265 1090 4313 399.
1103 4263 1168 4324 4063
1196 4277 1254 4312 usus

169 4361 223 4394 sum
240 4348 345 4396 editione
363 4349 529 4398 Harlessiana.

1020 4441 1033 4494 1
