3092 4996
674 501 712 574 71

154 655 363 733 παρειςῆλθεν·
388 691 429 700 --
451 652 479 714 εἰ
498 649 555 735 γόρ
577 648 612 714 τό
635 649 850 736 παρειςιλόονια
872 656 931 714 τῶν
953 651 1109 714 διαλέκτων
1127 649 1184 714 οὐκ
1205 651 1235 713 ἐν

152 757 192 838 τῷ
208 750 352 830 καθόλου,
375 751 453 828 ἅπαξ
475 752 507 821 δὲ
525 758 595 830 ποῦ,
618 751 685 818 leot
709 750 764 836 γόρ
780 751 938 830 κακόξενος
949 751 1107 832 φιλόξενος
1124 749 1235 828 όξινος,

153 852 222 920 ἄλλό
240 852 273 918 τό
294 852 437 932 Εὔξεινος
452 859 504 941 (τῷ
522 881 532 917 ι
553 853 657 930 'luneio
673 853 849 938 πλεονάσαν)
865 856 915 918 καλ
933 851 1048 930 ἄφοδος
1066 852 1235 938 όφυρισμός

153 955 272 1041 ἀφορία,
294 960 329 1022 tv
351 957 383 1022 δὲ
403 957 438 1022 ’τό
462 953 630 1038 ἀπηλιώτης
650 957 706 1039 χρη
728 953 786 1038 όρα
810 959 859 1020 καὶ
879 954 934 1038 τήν
952 953 1140 1036 όντωνυμλαυ
1155 954 1233 1032 όπαξ

153 1061 297 1142 εἰρῆσθαι.
343 1065 453 1124 Tamen
469 1065 606 1142 exempla
627 1086 688 1126 non
702 1071 770 1143 epte
788 1065 887 1140 elegit,
909 1083 977 1124 nem
993 1064 1144 1122 nominum
1167 1083 1234 1139 pro·

151 1168 280 1243 priorum
303 1167 362 1228 elic
383 1173 429 1228 est
444 1168 578 1230 condicio
593 1187 690 1247 neque
712 1173 758 1230 est
772 1167 889 1226 Atticae
904 1166 985 1228 vocis
1000 1164 1118 1242 psilosis
1134 1165 1236 1226 Ionica

152 1269 200 1328 scd
222 1270 350 1346 pristine
380 1276 410 1330 et
432 1270 600 1346 originario.
645 1269 719 1330 Tum
748 1270 841 1330 cddit:
872 1269 935 1337 πῶς
963 1262 994 1325 δὲ
1022 1260 1089 1344 οὐγλ
1117 1266 1234 1344 γελοίως

150 1365 290 1432 Αἰολικόν
312 1367 457 1450 ελρησετνι
479 1365 510 1432 τό
534 1365 700 1447 ἱερόνυμος
728 1368 778 1429 καὶ
803 1367 845 1428 ἔτι
872 1362 905 1428 τό
928 1360 1087 1445 όμοόνυμος
1109 1361 1234 1427 δασυνό-

150 1493 235 1548 μενας
267 1476 305 1534 In
328 1475 467 1538 universo
488 1473 607 1555 quidem
630 1473 796 1534 Greemtete
824 1491 859 1532 ea
879 1471 991 1532 voculis
1018 1473 1113 1532 veluit
1134 1491 1233 1531 none

148 1577 306 1652 singularis
327 1576 443 1640 dinleoo'
467 1575 663 1652 proprietate,
693 1577 745 1635 scd
770 1595 787 1634 e
808 1578 957 1634 communi
979 1575 1099 1650 linguae
1120 1573 1233 1644 indole;

149 1679 265 1740 eutius
287 1685 386 1740 nutem
408 1698 436 1754 p.
452 1678 512 1738 667
537 1678 732 1755 euphonicem
754 1678 846 1736 fuisse
868 1695 999 1749 censam,
1023 1695 1099 1756 quce
1121 1696 1235 1737 summe

149 1801 211 1842 cum
234 1783 350 1842 cautela
371 1799 441 1841 sene
464 1780 646 1840 admovendo
663 1786 708 1841 cst
730 1785 829 1839 temen
852 1779 1089 1854 agrammaticce
1110 1778 1233 1840 rationi·

148 1883 201 1942 bue
222 1903 282 1943 non
300 1903 421 1960 prorsus
435 1883 584 1954 abhorret,
607 1882 733 1942 credidit
746 1888 780 1940 ut
795 1881 957 1941 evitaretur
972 1885 1131 1941 concentus
1146 1900 1232 1941 voca·

148 1984 217 2046 lium
239 1992 331 2066 etque
353 1985 412 2045 inm
434 1991 551 2044 veteres
573 1984 755 2061 grammatici
778 1975 873 2056 όνομα
895 1984 1039 2042 notabant
1061 1975 1079 2038 ὅ
1102 1978 1161 2040 ἔστι
1179 2001 1231 2056 po·

147 2087 246 2163 κῆρες·
279 2080 369 2146 οὐδὲν
397 2079 452 2165 γόρ
475 2083 517 2155 εἰς
537 2086 579 2162 pc
602 2087 693 2164 λῆγον
716 2079 874 2160 οὐδέτερον
896 2077 1009 2142 όπλοῦν
1035 2079 1065 2142 ἐν
1088 2085 1151 2152 ταῖς
1173 2075 1231 2161 πρό

148 2185 245 2261 τέλους
267 2183 324 2250 δύο
347 2186 505 2265 συλλαβαῖς
534 2178 637 2246 δισσόν
665 2183 722 2262 ἔχει
747 2179 779 2244 τό
803 2194 835 2246 ὅ·
858 2220 899 2229 -
929 2183 1048 2254 Αἰολεῖς
1075 2180 1107 2244 δὲ
1136 2178 1232 2260 ὄνομα

148 2287 276 2369 λέγοντες
301 2283 374 2352 orico*
399 2284 565 2350 ἀπολύουσι
587 2291 641 2348 τοῦ
664 2285 858 2366 προκειμένου
877 2285 993 2366 ἐλέγχου
1015 2291 1052 2348 os.
1068 2289 1179 2348 Herod.
1200 2307 1230 2344 π.

148 2397 215 2454 καθ.
236 2416 285 2471 πρ.
304 2395 327 2492 ΙΙ.
351 2414 379 2469 p.
394 2399 463 2467 353,
483 2398 528 2452 13.
546 2398 577 2452 et
591 2412 621 2450 π.
639 2395 713 2450 παθ.
732 2393 771 2450 II.
791 2397 852 2450 664
875 2391 927 2450 ubi
949 2411 1010 2449 vox
1026 2411 1043 2450 e
1062 2385 1140 2464 νέμω
1156 2391 1231 2450 deri·

147 2502 246 2558 vetur:
268 2489 423 2576 ἀναλόγως
445 2482 498 2554 οὖν
521 2493 552 2554 οἱ
564 2491 682 2564 Αἰολεῖς
704 2485 801 2568 ὄνομα
823 2490 963 2572 λέγουσιν.
1008 2492 1134 2552 Accedit
1153 2493 1231 2571 quod

148 2600 223 2674 apud
234 2600 399 2660 Homerum
418 2597 490 2658 alins
506 2598 539 2656 in
556 2589 651 2672 ὄνομα
669 2597 718 2656 vel
735 2589 848 2671 οὔνομα
863 2587 1012 2670 όνομαλνω
1032 2586 1232 2669 ὀνομάκλυτος

148 2698 199 2776 (Χ.
212 2704 266 2776 61)
282 2692 520 2776 ἐξονομακλήδην
533 2699 585 2776 (Χ.
596 2703 670 2778 416)
688 2700 847 2760 secundnm
863 2699 1016 2774 vulgarem
1030 2717 1115 2758 usum
1131 2697 1233 2758 notive

147 2803 256 2862 voculis
270 2803 389 2878 integre
402 2809 520 2864 servate
533 2808 586 2862 est.
605 2835 646 2844 -
668 2803 774 2880 Neque
787 2800 880 2875 magis
896 2793 1001 2878 όγυρις
1018 2799 1231 2879 (congregatio)

146 2903 230 2966 inxte
250 2897 348 2984 όγορό
371 2904 495 2982 (contio)
519 2905 685 2964 Aeolismus
707 2909 760 2978 est,
785 2903 863 2980 quod
885 2901 1013 2962 clement
1034 2902 1230 2978 grammatici5

146 3011 177 3071 ct
196 3014 278 3068 recte
300 3007 465 3068 Ahrcnsins
488 3027 516 3083 p.
535 3011 584 3066 83.
604 3012 663 3066 169
686 3005 769 3066 vidit.
813 3005 889 3063 Nem
911 3004 1029 3064 diverse
1054 3011 1124 3064 sunt
1145 3023 1230 3065 voce-

146 3109 215 3168 bula
236 3117 326 3190 utque
357 3110 479 3170 notione
507 3109 629 3180 distant,
661 3127 749 3188 quem
774 3108 874 3168 nescio
902 3127 938 3166 au
967 3106 1000 3164 in
1021 3106 1145 3166 Aeolide
1172 3127 1232 3166 unc

146 3211 240 3272 form'c
259 3204 362 3290 όὶγνρις
380 3211 544 3287 susceperit
562 3212 639 3272 sicut
656 3203 764 3287 όγρημι
787 3229 841 3285 pro
860 3202 959 3286 ἆγρεῖν
979 3215 1010 3268 et
1028 3206 1128 3285 αἱρεῖν.
1175 3209 1230 3267 Mi-

147 3313 223 3374 nime
241 3335 258 3374 o
275 3315 306 3373 in
324 3336 343 3372 υ
358 3313 480 3374 Aeolica
497 3314 612 3374 ratione
627 3331 745 3376 versum
761 3319 815 3386 est,
838 3313 889 3372 scd
906 3311 1053 3370 communi
1067 3311 1230 3376 mutatione

147 3436 165 3472 υ
186 3438 203 3476 e
219 3417 351 3493 genuino
366 3436 379 3474 ε
396 3418 437 3493 (v.
455 3416 536 3476 Ourt.
553 3436 581 3493 p.
598 3417 671 3494 663)
687 3415 737 3476 vel
756 3435 774 3470 ν
791 3415 883 3492 (Gurt.
901 3415 937 3473 de
955 3415 1036 3474 verb.
1056 3433 1084 3490 p.
1100 3413 1159 3472 307
1178 3413 1228 3471 ubi

147 3520 310 3598 γαρ-γαίρω
333 3519 519 3596 conponitur,
542 3524 580 3578 et.
601 3540 630 3595 p.
648 3519 722 3596 667)
745 3518 919 3577 offuscatum
943 3515 1041 3575 estin
1063 3514 1230 3575 Homericis

148 3627 177 3684 et
196 3623 369 3698 vulgaribus
389 3621 512 3684 vocibus
535 3613 638 3699 όγυρις
663 3620 701 3678 Π.
717 3625 786 3678 661.
810 3618 851 3678 Ω.
870 3622 936 3678 141,
959 3639 984 3696 γ.
999 3622 1047 3675 31.
1077 3608 1229 3697 όγυρτόζω

148 3722 182 3799 (τ.
201 3724 286 3801 284.)
319 3715 449 3802 α’γόρτης
478 3714 611 3800 ἆγνρμός
641 3714 785 3800 ὁμήγυρις
814 3722 862 3797 (Τ.
887 3723 958 3799 142)
989 3711 1230 3799 ὁμηγυρίσασθαι

148 3845 178 3884 τι.
191 3827 261 3888 376.
283 3819 448 3903 πανήγυρις
467 3825 541 3898 eliis,
565 3844 743 3905 quamquam
759 3823 791 3882 in
806 3823 936 3882 Aeolicis
951 3821 1047 3882 titulis
1068 3819 1229 3899 παναγυρί-

149 3946 235 4004 αργον
250 3948 296 4004 cp.
315 3928 430 3988 Kcibel.
445 3927 559 3986 XXIV.
577 3932 605 3986 3.
620 3948 648 4002 p.
660 3933 689 3990 ,6.
706 3934 737 3986 et
751 3917 1066 4003 πανηγυριυρχηοανια
1079 3924 1183 3982 XXII.
1200 3929 1228 3982 3.

149 4037 204 4106 p.6
219 4031 336 4108 legitur,
354 4031 391 4091 of.
409 4030 515 4090 Christ.
532 4049 561 4105 p.
577 4027 627 4090 26.
642 4061 683 4072 -
701 4031 904 4088 Recensentur
919 4047 1006 4104 porro
1022 4025 1100 4085 inter
1114 4024 1228 4084 Aeolis·

149 4149 210 4195 mos
224 4133 398 4194 Homericos
420 4153 479 4192 non
503 4131 591 4191 certis
613 4131 649 4189 de
667 4130 762 4190 causis
782 4132 839 4189 hoe
860 4131 972 4190 formae
990 4151 1008 4186 υ
1031 4147 1084 4204 pro
1107 4146 1119 4184 ε
1140 4127 1190 4186 vel
1212 4149 1227 4184 o

151 4251 219 4308 pree
233 4255 263 4294 se
280 4237 426 4299 ferentes:
449 4225 604 4311 ὑπόβρυχα
621 4253 641 4290 ε.
656 4237 717 4292 619
734 4233 818 4292 iuxta
834 4228 947 4309 βρέχειν
965 4232 1004 4308 (v.
1023 4231 1132 4290 Buttm.
1145 4228 1227 4288 lexil.

151 4336 190 4394 ΙΙ.
212 4357 239 4414 p.
258 4344 313 4398 111
332 4359 390 4422 sq„
417 4339 453 4398 cf.
474 4329 672 4418 όναβὲβρῦγεν
691 4335 719 4392 Ρ.
734 4341 781 4394 64.
806 4335 924 4405 ebullit;
947 4336 1011 4404 sine
1032 4351 1118 4404 cause
1135 4332 1228 4402 Zeno-
