3114 4994
571 1240 683 1336 Pars
713 1240 873 1336 ultera.

211 1431 265 1506 De
291 1429 503 1508 condicione
529 1437 565 1508 et
590 1455 700 1509 eausa
727 1432 965 1533 vestigiorum
991 1429 1234 1508 Aeolisorum.

266 1667 463 1727 Alexandrini
479 1668 663 1749 antiquiores
686 1669 758 1749 quid
773 1669 810 1728 de
824 1669 998 1730 versicolori
1014 1659 1190 1728 elocutionis
1205 1665 1269 1725 Ho-

181 1767 309 1828 merioae
331 1771 428 1846 speeie
451 1770 574 1851 eiusque
589 1771 703 1845 origine
720 1771 892 1830 sensuerint
913 1791 929 1830 e
952 1771 1070 1830 traditis
1091 1768 1270 1829 lectionibus

181 1890 217 1929 eo
239 1869 338 1930 minus
364 1891 419 1948 pro
451 1878 531 1932 serto
560 1873 710 1932 adfirmari
738 1877 850 1949 potest,
882 1872 952 1952 qnia
973 1871 1011 1930 iis
1033 1891 1052 1930 a
1073 1871 1217 1948 proximis
1239 1874 1270 1928 et

181 1972 396 2050 posterioribus
419 1975 651 2046 suecessoribus,
678 1993 744 2032 oum
765 1974 825 2032 iam
846 1973 895 2031 his
916 1992 989 2034 vera
1010 1977 1185 2047 argumenta
1206 1971 1269 2048 ple·

181 2085 308 2154 rumque
334 2076 438 2149 ignota
466 2077 558 2136 fuisse
585 2075 757 2147 videantur,
786 2075 938 2133 interdum
967 2094 1072 2135 causae
1100 2072 1270 2149 subpositae

182 2180 253 2234 sunt
280 2195 391 2256 easque
420 2196 507 2254 saepe
537 2177 709 2236 edialeotis
730 2178 855 2237 haustae
883 2177 932 2254 (of.
952 2198 980 2254 p.
1001 2177 1062 2254 83).
1106 2175 1216 2234 Tamen
1238 2173 1270 2232 id

181 2279 310 2337 maxime
333 2279 456 2356 adparet
476 2277 545 2338 illos
565 2279 598 2339 in
617 2280 712 2338 causis
734 2279 798 2338 eius
819 2279 864 2338 rei
886 2277 1045 2337 odorandis
1068 2296 1172 2355 parum
1190 2276 1271 2335 solli·

183 2379 256 2439 sitos
278 2385 367 2460 atque
388 2381 520 2458 ipsorum
542 2381 753 2458 praeiudicatis
776 2380 967 2457 opinionibus
986 2381 1169 2451 oboaeoatos,
1190 2379 1270 2436 unde

184 2499 219 2540 ea
234 2481 406 2540 discrimina
420 2483 498 2559 apud
513 2483 677 2542 Homerum
693 2488 789 2542 traete
808 2487 922 2552 essent,
946 2480 1124 2560 exquisitius
1139 2479 1270 2540 noluisse

182 2581 295 2643 rimari.
344 2585 529 2643 Homerus
559 2584 642 2661 ipse
672 2583 870 2644 dialectos
899 2582 1108 2642 miscuisse
1138 2582 1272 2642 erede·

183 2685 303 2762 batur.
342 2687 453 2765 ‘Itaque
484 2685 563 2744 inter
591 2685 778 2746 narrationes
806 2687 848 2746 ds
875 2684 1032 2745 Homeri
1062 2703 1202 2758 genere
1230 2703 1271 2742 ao

184 2785 317 2864 patria
339 2786 524 2846 oireumlates
543 2805 633 2866 quam
649 2787 775 2866 quisque
792 2788 921 2847 maxime
937 2787 1083 2864 probabat
1104 2805 1169 2844 eam
1184 2804 1272 2859 argu·

184 2888 293 2963 mentis
315 2888 379 2950 siva
407 2890 533 2948 erebus
556 2889 620 2950 sive
647 2890 809 2951 evooibus
835 2889 937 2966 petitis
962 2887 1108 2947 nonnulla
1132 2891 1166 2946 ut
1195 2905 1212 2948 o
1238 2906 1271 2946 re

184 2973 343 3050 videbatur
363 2991 565 3067 interpretans
587 3009 766 3070 magnopere
788 2992 926 3050 studebat
945 2990 1052 3051 fulsire
1065 2989 1102 3066 ¹).

268 3093 437 3151 Zenodotus
470 3093 589 3173 quidem
618 3093 770 3152 liberrime
800 3079 956 3154 variarum
980 3091 1173 3151 dialectorum
1203 3109 1271 3166 pro-

185 3192 328 3270 prietates
354 3193 391 3252 ad
420 3198 535 3255 textum
558 3195 752 3254 Homericum
773 3194 1013 3254 constituendum
1036 3193 1182 3266 admovit,
1215 3211 1274 3273 qua

185 3295 218 3353 in
245 3315 278 3354 re
299 3295 458 3373 praecipue
485 3293 611 3355 nimium
632 3296 756 3355 Ionismi
780 3296 924 3368 studium,
953 3295 1037 3355 euius
1065 3296 1193 3370 vestigia
1221 3294 1273 3352 ad·

186 3403 289 3460 curate
312 3397 461 3472 congessit
482 3397 647 3457 Laroehius
668 3421 698 3478 p,
717 3404 775 3459 301
796 3419 850 3480 sq„
873 3398 1067 3473 conspicuum
1088 3401 1147 3469 est,
1171 3415 1272 3475 quam-

253 3551 282 3611 ·1)
302 3548 339 3597 Cf.
357 3547 480 3597 Lausrrm
497 3549 553 3596 btst.
570 3563 639 3610 poss.
656 3551 756 3598 Homer.
774 3564 798 3611 p¹
814 3553 870 3598 112.
891 3547 1057 3609 Sengsbusch.
1075 3547 1136 3594 dlss.
1154 3545 1226 3593 Hom.
1240 3547 1272 3593 11.

186 3649 211 3696 p.
225 3636 249 3680 4.
268 3633 308 3682 20.
343 3633 382 3681 Ds
399 3633 473 3682 rebus
491 3647 552 3694 quas
570 3635 601 3681 sd
618 3635 746 3682 Aeolicum
766 3649 838 3682 usum
858 3639 969 3695 spsotare
987 3631 1139 3692 grammatisl
1156 3629 1274 3690 suspicati

187 3723 245 3768 sunt
261 3733 287 3765 v.
303 3699 506 3767 Pseudo-Herod.
523 3719 568 3766 vit.
586 3719 686 3767 Homer.
704 3733 725 3767 o.
738 3721 770 3767 at
789 3720 815 3766 in
832 3719 964 3767 Westerm.
982 3717 1065 3776 Biogr.
1084 3715 1174 3762 bauer.
1192 3728 1217 3774 p.
1232 3715 1272 3763 88.

187 3819 213 3852 n.
224 3785 265 3854 ss.
283 3800 387 3864 sengss.
400 3803 515 3851 inmun
527 3817 582 3851 ann.
593 3819 617 3852 v.
628 3807 668 3853 er,
680 3820 704 3866 p.
714 3807 772 3854 ssa.
790 3805 881 3864 Bergk.
894 3804 951 3851 urst.
963 3803 1008 3849 nu.
1021 3799 1063 3847 er.
1076 3801 1095 3846 1.
1111 3814 1134 3860 p.
1145 3801 1203 3847 ess.
1213 3799 1273 3846 ses.

186 3905 212 3938 n.
223 3889 266 3936 ee
301 3889 366 3949 qne
384 3893 465 3936 autem
489 3887 520 3935 es
537 3873 637 3936 neers>
659 3902 706 3936 usu
727 3889 797 3937 voss
815 3885 889 3952 tense
907 3902 969 3948 quae
987 3883 1022 3936 11.
1037 3887 1094 3933 eoo.
1112 3881 1146 3933 x.
1160 3885 1202 3932 os·
1214 3883 1271 3931 toa.

187 3967 318 4025 πάντατὰ
341 3971 420 4037 μέλη,
447 3973 512 4032 apud
529 3974 664 4020 Aeolensss
688 3967 762 4036 μόνον
785 3967 814 4024 τὸ
839 3969 969 4036 πρόςωπον
993 3969 1033 4035 (et.
1052 3968 1128 4030 Soph.
1145 3968 1202 4016 Ant.
1215 3967 1273 4024 888,

186 4059 273 4118 Eurip.
285 4059 359 4106 Hero.
372 4059 418 4106 tur.
434 4059 508 4117 1204,
528 4059 633 4106 Theoer.
646 4061 687 4116 88,
702 4055 744 4119 16)
756 4057 907 4118 significasse
920 4057 1008 4103 dieitur
1026 4053 1066 4120 (ot.
1080 4054 1168 4102 Irshrs.
1179 4067 1204 4113 p.
1216 4051 1274 4100 180.

186 4133 371 4191 Frisdlaender.
383 4143 515 4191 Aristonis
527 4157 551 4204 p.
561 4145 618 4192 271.
632 4145 690 4192 317.
709 4143 742 4190 M.
755 4141 871 4190 Sehmidt.
883 4141 913 4188 de
925 4138 1030 4201 Dionys.
1042 4139 1137 4187 Thrace
1147 4139 1173 4184 tn
1185 4135 1274 4185 Philet.

188 4227 245 4276 vn.
263 4241 287 4289 p.
301 4227 358 4277 888.
382 4229 413 4276 ad
433 4241 522 4278 voosm
545 4223 711 4292 streperas
728 4225 837 4275 bobert.
861 4225 893 4273 ad
911 4225 978 4272 Aias.
996 4239 1021 4272 v.
1035 4225 1093 4274 880.
1110 4237 1134 4284 p.
1148 4219 1208 4286 888)
1226 4225 1275 4270 sta-

189 4313 307 4361 tuendum
325 4313 357 4361 eit
373 4315 465 4364 neseio.
