3114 4994
718 465 785 530 1171
944 559 949 593 ἱ

215 621 294 678 Num
309 620 461 685 eradamus
476 640 542 681 oum
555 619 663 694 Giesio,
682 622 729 682 oui
745 622 922 680 Kuehnerus
937 603 969 680 in
984 639 1104 697 gramm.
1121 620 1170 682 Gr.
1186 640 1215 698 p.
1229 618 1299 680 16¹.

215 726 246 780 et
268 721 415 782 Ameisius
444 743 472 800 p.
491 727 531 781 46
560 723 731 800 adstipulati
760 729 840 798 sunt,
870 722 989 784 Ionieos
1010 707 1168 800 seriptores
1198 739 1300 782 omnes

213 845 277 884 eam
298 843 403 886 rooem
425 824 581 884 arbitrario
604 845 643 884 ex
663 827 829 886 vieinorum
844 813 1228 894 Aeolensium'oommereio
1251 823 1301 882 ad-

213 925 353 986 soivisee?
402 927 478 986 Nam
507 928 544 986 ab
573 927 654 988 iadis
682 927 894 989 consuetudine
922 927 1060 988 formatio
1091 924 1154 1003 μεὶς
1179 924 1302 986 minime

211 1029 301 1106 plane
323 1029 465 1090 abhorret
486 1031 565 1110 quod
588 1031 759 1112 saepissime
780 1031 885 1106 lingna
903 1030 1133 1090 inconstantiam
1155 1029 1302 1112 quandam

213 1137 316 1192 saouta
343 1129 458 1207 est⁴⁸).
501 1131 593 1192 Reate
620 1133 713 1208 igitur
734 1132 825 1193 sohol.
845 1133 877 1192 B.
906 1121 944 1192 ad
961 1133 980 1192 l.
1008 1128 1072 1209 μιὶς
1099 1123 1229 1192 Ἰωνικόν
1251 1130 1302 1190 ad·

193 1253 196 1260 ·
215 1235 334 1296 notavit
346 1239 438 1316 atque
454 1233 541 1295 vaide
557 1234 659 1296 dubito
678 1255 748 1294 num
765 1235 907 1296 Lentnins
921 1235 953 1294 in
968 1235 1141 1309 Heredium,
1165 1234 1217 1314 qui
1232 1252 1302 1293 oon·

215 1343 329 1397 stanter
348 1343 467 1398 aeutnm
488 1337 664 1398 tastirioatus
685 1349 732 1398 est
753 1357 931 1418 quamquam
946 1338 1066 1398 Aeolios
1084 1337 1191 1397 debuit
1212 1333 1302 1395 eoribi

213 1442 296 1514 μεῖς,
325 1440 427 1500 verbis
449 1459 480 1497 π.
502 1443 574 1498 καθ.
597 1459 647 1518 πρ.
668 1441 693 1498 Ι.
715 1459 744 1517 p.
764 1445 835 1513 400,
852 1446 952 1501 4-6:
973 1433 1010 1498 roi
1032 1437 1074 1510 εἰς
1087 1424 1136 1509 ἐἷς
1157 1436 1302 1518 μονογενῆ

214 1533 382 1614 ὄξύνονται,
405 1539 468 1612 ieie
483 1534 622 1621 ἄρρητον,
637 1575 681 1588 -—
700 1538 766 1619 μεὶς
780 1534 798 1602 ἆ
813 1535 880 1619 μὴν,
902 1538 980 1612 κτεὶς
1001 1538 1052 1602 καὶ
1067 1539 1145 1612 κλεὶς
1166 1531 1302 1616 θηλυκόν

214 1649 286 1722 post
304 1641 370 1722 μεὶς
389 1661 444 1722 pro
461 1645 659 1705 Choeroboeoi
679 1647 772 1708 verbo
789 1637 923 1715 Ἰωνικῶς
942 1645 1007 1705 iure
1028 1645 1188 1706 inseruerit
1202 1639 1304 1702 Alete·

213 1749 275 1817 κοῖς
305 1747 366 1825 (vel
388 1745 585 1824 Βοιὼτικῶς);
613 1748 789 1808 Ahrensius.
806 1753 904 1808 autem
926 1747 1029 1807 Ioniae
1056 1752 1087 1807 at
1107 1747 1208 1808 Attioo
1238 1739 1302 1822 μεὶς

216 1849 305 1910 etiam
327 1850 469 1910 Doridem
498 1850 645 1912 mitiorem
667 1869 750 1910 usam
772 1869 836 1910 esse
858 1850 996 1923 eredidit,
1026 1849 1215 1910 Pindarioum
1237 1846 1302 1926 qui·

214 1954 280 2011 dem
302 1953 352 2030 (N.
372 1953 406 2014 V.
426 1954 480 2030 44)
501 1953 655 2014 Aeolioum
686 1952 805 2013 vooavit
825 1954 915 2012 Peter
943 1954 979 2011 de
1007 1952 1074 2010 dial.
1096 1952 1182 2011 Pind.
1205 1969 1233 2026 p.
1252 1949 1300 2010 17..

300 2054 393 2114 Giesii
409 2061 586 2131 argumento
607 2055 650 2115 sio
665 2054 833 2114 delumbato
849 2055 1068 2114 distinotionem
1088 2059 1181 2114 totam
1202 2053 1302 2126 reioio,

217 2163 319 2217 eontra
341 2158 441 2216 omnia
455 2157 579 2216 Aeolios
598 2157 726 2233 vestigia
747 2158 784 2216 ad
799 2157 968 2237 antiquiora
989 2156 1119 2216 earmina
1136 2157 1304 2217 revocanda

215 2279 278 2320 esse
306 2262 462 2322 eontentio.
504 2261 542 2318 In
569 2259 685 2320 ratione
711 2279 783 2320 vero
805 2279 841 2320 ea
866 2260 1042 2320 inmisoandi
1063 2263 1167 2336 poetas
1183 2257 1302 2318 Ionieos

215 2381 276 2421 non
299 2363 388 2422 anxie
409 2367 519 2422 eertum
542 2363 690 2442 quandam
712 2381 845 2422 normam
866 2363 1007 2439 probasse
1031 2363 1082 2422 sed
1103 2360 1226 2422 liberius
1246 2379 1300 2437 pro

214 2464 315 2541 epioae
337 2464 436 2541 poesie
459 2469 565 2524 natura
580 2464 735 2525 Aeolioum
757 2465 886 2525 eolorem
908 2464 1036 2526 se1moni
1056 2463 1160 2524 Ionioo
1183 2465 1302 2540 adsper-

212 2567 286 2627 sisse
307 2566 540 2642 intellegendum
570 2585 634 2626 esse
656 2567 810 2640 existimo,
840 2586 917 2647 queo
943 2567 1064 2628 lieentia
1091 2587 1129 2626 ne
1150 2565 1242 2625 nimia
1263 2565 1303 2626 sit

215 2690 277 2729 non
298 2674 414 2740 matuo;
444 2687 535 2748 quare
557 2689 612 2729 nos
632 2690 694 2729 non
721 2675 802 2730 reete
829 2674 903 2746 puto
931 2689 1018 2745 agere
1045 2669 1070 2729 si
1091 2669 1179 2728 hodie
1205 2668 1301 2743 legem

215 2771 416 2848 serupulosius
437 2770 561 2832 serutari
586 2778 616 2832 et
636 2773 758 2832 reficere
780 2772 917 2832 molimirr
938 2789 1070 2852 quasue
1093 2771 1219 2851 quisque
1237 2761 1302 2832 looo

214 2873 384 2934 Aeolismus
406 2874 572 2934 metiendus
595 2875 634 2936 sit
655 2874 705 2954 (of.
724 2875 833 2951 Bergk.
855 2893 884 2952 p.
904 2875 987 2950 855).

299 2977 458 3036 Praeterea
479 2977 642 3038 verisimile
672 2983 718 3039 est
746 2981 862 3038 textum
891 2976 1054 3036 earminum
1075 2974 1302 3036 Homerioorum

217 3067 313 3157 qualis
343 3079 469 3139 traditos
500 3085 547 3139 est
576 3079 693 3141 multae
716 3080 897 3157 corruptelae
927 3079 1053 3139 traxisse
1085 3077 1301 3156 dialeotumqne
1361 3079 1363 3086 ’

215 3180 364 3241 mendosis
378 3182 481 3241 formis
497 3183 681 3261 inquinatam
698 3201 762 3242 esse
775 3182 933 3242 tralatmne
948 3180 1125 3261 antiquioris
1142 3179 1301 3258 alphabeti,

217 3301 292 3363 quae
315 3303 374 3364 quo
398 3290 484 3360 paeto
506 3285 585 3346 faeta
605 3285 645 3346 sit
665 3303 769 3362 pamm
792 3288 965 3361 conpertum
987 3282 1199 3361 habemus49).
1282 3276 1284 3282 ’

283 3473 328 3534 48)
347 3471 440 3520 Contra
450 3471 496 3534 pr'o
508 3472 607 3532 vulgari
618 3473 698 3522 forma
715 3463 791 3528 ὀδοὺς
802 3472 875 3520 Ionas
893 3462 960 3522 ὀδών
978 3469 1093 3518 dixerunt
1109 3471 1140 3518 of.
1153 3470 1244 3520 Herod.
1256 3470 1300 3518 VI.

214 3571 234 3605 a
248 3557 305 3605 10⁷.

283 3643 328 3702 49)
346 3642 494 3690 Monuerunt
511 3644 541 3690 de
565 3658 592 3691 re
609 3641 736 3706 Kayserus
758 3643 783 3689 in
801 3642 891 3690 Philol.
913 3645 971 3689 tom.
984 3641 1063 3688 XVII.
1081 3656 1105 3702 p.
1120 3643 1177 3690 717.
1203 3639 1300 3688 xvnt.

214 3731 238 3788 p.
252 3727 310 3774 663.
335 3725 427 3786 Bergk.
445 3742 470 3788 p.
484 3729 533 3777 868
545 3743 582 3789 sq.
608 3729 703 3777 Hartal.
719 3728 814 3789 praa.
839 3729 882 3788 qni
906 3739 959 3777 rem
982 3731 1039 3787 apte
1061 3725 1215 3774 maruntium
1238 3727 1300 3774 viris

215 3811 293 3861 doctis
310 3813 498 3862 commendavit.
