3092 4996
695 521 733 584 13

170 685 215 740 est
241 681 320 760 quod
341 679 494 738 Hirzelius
523 678 560 735 de
589 676 656 734 dial.
679 675 764 734 Aeol.
785 695 815 752 p.
833 679 870 734 61
895 675 1047 736 indicavit.
1090 677 1118 734 U
1159 682 1258 737 autom

169 781 361 855 grammatici,
384 800 460 860 quac
482 776 627 838 vocabula
648 776 771 836 Aeolica
793 795 857 836 csse
878 779 1038 854 putabant,
1060 782 1187 836 66666666
1210 798 1257 837 ac-

168 891 257 944 centu
271 885 468 955 instruebant,
490 881 534 939 ita
547 879 785 954 neglegentiores
799 886 923 956 propter
943 879 1023 938 hunc
1037 878 1135 954 ipsum
1157 897 1258 938 acoen-

168 990 232 1045 tum
263 987 408 1065 quaedam
436 982 560 1042 Aeolica
584 980 792 1054 nominabant,
821 981 898 1040 61666
925 982 1048 1040 Τ666666
1075 980 1116 1056 (v.
1138 979 1211 1039 Ahr.
1234 982 1259 1038 I.

168 1107 198 1164 p.
208 1085 284 1162 284)
301 1079 391 1164 όγυια
406 1090 436 1144 66
451 1077 557 1162 όργυεα
567 1073 688 1160 (dycaeo
706 1085 740 1140 Y.
755 1088 825 1141 254.
840 1117 874 1128 -
887 1073 994 1161 όγυιοὶς
1005 1083 1041 1140 Ε.
1055 1087 1125 1140 642.
1144 1083 1177 1140 Ζ.
1189 1087 1260 1141 391.

169 1183 274 1266 όιγυιαὶ
297 1185 323 1262 β.
342 1193 413 1246 388.
437 1209 463 1265 γ.
480 1187 550 1244 487.
576 1185 644 1244 497.
667 1185 691 1242 λ.
712 1189 759 1243 12.
782 1205 808 1243 ο.
829 1189 897 1244 185.
920 1190 991 1243 296.
1016 1184 1075 1243 471
1099 1183 1131 1242 in
1155 1185 1260 1243 eodem

168 1311 260 1350 versu
278 1281 373 1366 ὄργυι’
391 1300 425 1362 ψ.
445 1290 514 1347 327.
538 1280 662 1365 όργυιαν
684 1309 702 1348 ι.
720 1289 790 1346 827.
813 1309 839 1346 κ.
861 1287 950 1364 167),
974 1289 1011 1346 de
1033 1287 1141 1366 quibus
1159 1285 1259 1344 Hero·

171 1392 276 1450 dianus
298 1387 365 1465 napi
387 1389 551 1464 καθολικῆς
565 1387 735 1471 προςῳδίας
755 1392 779 1450 Ι.
802 1411 831 1466 p.
849 1394 919 1461 530,
939 1395 977 1448 30
1001 1389 1119 1448 statuit:
1142 1379 1190 1446 ότὲ
1206 1382 1260 1462 μὲν

172 1489 329 1550 ἐκτείνεται
344 1484 522 1566 όξυνόμενον
543 1485 621 1568 παρ’
637 1485 760 1561 Ἴωσι,
784 1483 831 1550 ότὲ
848 1487 879 1550 δὲ
899 1485 1059 1567 βαρύνεται
1074 1488 1124 1548 καὶ
1142 1485 1261 1548 συστέλ-

171 1597 249 1652 λεται
268 1595 316 1671 (cf.
333 1595 493 1669 Goattling.
510 1596 546 1653 de
562 1613 621 1654 aco.
637 1614 666 1670 p.
685 1599 753 1668 139,
777 1594 829 1673 661
849 1614 914 1652 cum
930 1594 1086 1653 Eustathio
1106 1585 1213 1671 όργυια
1229 1597 1260 1651 66

171 1688 260 1775 dyeia
274 1697 368 1757 veteri
384 1697 501 1757 Atticae
518 1695 642 1757 dialecto
657 1696 809 1757 vindicare
824 1695 936 1769 maluit,
954 1696 1027 1755 item
1042 1695 1151 1769 Bergk.
1166 1714 1195 1770 p.
1209 1693 1261 1753 76.

167 1795 198 1859 n.
215 1798 289 1876 70.);
312 1800 425 1858 cautior
440 1818 511 1858 sane
534 1804 598 1858 erat
612 1799 810 1872 Herodianus,
834 1799 885 1876 qui
908 1793 975 1875 περὶ
996 1789 1128 1871 'iliande
1145 1815 1260 1876 προςςο-

171 1899 238 1968 δίας
260 1902 296 1959 ad
315 1901 360 1959 Π.
378 1907 438 1960 305
469 1897 537 1977 περὶ
559 1902 613 1958 τοῦ
635 1893 724 1958 τόνου
746 1901 800 1957 τοῦ
822 1891 964 1958 όποεῖκον
986 1901 1051 1968 πῶς
1074 1898 1121 1956 δεῖ
1141 1890 1259 1975 ἀναγιγ-

169 1995 295 2062 νώσκειν
317 2004 501 2082 disquirens,
529 2023 560 2060 π.
583 2003 688 2060 nabot.
711 1999 840 2082 προςῳὸ.
864 2003 888 2062 Ι.
912 2007 974 2060 468
1004 2001 1057 2060 661
1079 2001 1115 2058 de
1137 2006 1262 2059 accentu

168 2105 398 2164 indicativorum
413 2105 640 2180 praeteritorum
656 2103 707 2182 qui
723 2103 756 2161 in
770 2102 857 2162 initio
873 2104 1006 2163 vocalem
1022 2106 1130 2160 natura
1142 2102 1262 2177 longam

169 2208 315 2265 habentes
330 2206 419 2265 etiam
433 2205 465 2262 in
478 2205 640 2280 conpositis
655 2209 809 2264 accentum
824 2209 952 2278 servant,
967 2203 1110 2284 loquitur,
1127 2194 1264 2274 ὑπόειξεν

175 2309 208 2368 0.
226 2308 297 2367 227.
326 2327 357 2364 π.
377 2311 417 2364 42
446 2297 590 2364 ὑπόεικον
621 2307 659 2364 Π.
680 2311 740 2364 605
771 2326 846 2379 666,
876 2306 954 2366 61666
981 2299 1107 2364 σύνοιδα
1136 2305 1263 2386 6116666,

169 2411 326 2470 Aeolicum
347 2409 467 2469 vocavit
497 2407 546 2484 (cf.
570 2407 678 2467 066661.
700 2428 728 2484 p.
744 2409 793 2466 47.
812 2413 851 2467 50
874 2414 905 2467 66
926 2408 1104 2468 Laroohium
1132 2409 1164 2467 in
1187 2408 1265 2468 libro

169 2512 330 2588 inscripto:
353 2511 400 2568 die
416 2510 600 2570 homerische
617 2510 791 2570 Textkritik
808 2511 850 2568 im
865 2510 1044 2583 Alterthum,
1070 2511 1153 2586 Lips.
1173 2517 1264 2586 1866,

170 2636 200 2692 p.
217 2614 301 2691 404).
346 2613 403 2671 Sed
425 2612 538 2671 formae
558 2631 682 2691 quarum
698 2613 866 2671 Aeolismus
888 2633 939 2672 6ο6
960 2613 1088 2688 fugerat,
1111 2613 1265 2689 vulgarem

173 2719 319 2794 praebent
345 2719 497 2774 accentum
527 2715 579 2794 qui
607 2735 672 2773 cum
689 2714 732 2785 ,16
754 2715 924 2774 6666661666
950 2734 1071 2791 6666666
1100 2718 1137 2774 ab
1160 2736 1263 2776 eorum

173 2819 349 2878 auctoritate
377 2819 557 2894 pendeamus
586 2836 684 2897 neque
712 2819 749 2876 ab
778 2817 945 2876 inveterata
972 2819 1185 2877 consuetudine
1214 2821 1263 2878 de-

172 2921 294 2980 flectere
310 2921 476 2992 debeamus,
495 2918 609 2978 etiamsi
624 2920 675 2978 ille
690 2939 770 2978 nunc
785 2919 948 2992 evincatur,
969 2922 1131 2979 servandus
1145 2921 1264 2982 videtur

175 3041 253 3095 6666,
284 3021 343 3081 6161
369 3041 387 3080 6
409 3022 585 3101 quibusdam
610 3021 670 3080 iam
692 3026 827 3081 veterum
848 3020 987 3080 Aeolicus
1012 3027 1093 3081 66666
1115 3042 1262 3082 commcn-

176 3127 261 3185 datus
281 3124 348 3184 fuit.

263 3225 293 3302 1)
315 3226 447 3284 Primum
469 3213 527 3284 huc
548 3225 621 3284 facit
646 3228 784 3284 accentus
806 3243 895 3303 quem
916 3225 1106 3285 Aristarchus
1128 3227 1262 3286 nomina·

176 3328 248 3387 tivis
271 3326 400 3400 μητίετα,
424 3319 570 3402 ιἰκόκητα,
594 3320 728 3403 εὐρύοπα
749 3326 888 3402 adpinxit
910 3327 1032 3406 eiusque
1055 3331 1263 3406 obtemperans

177 3427 346 3487 auctoritati
361 3430 511 3504 paradosis
530 3429 662 3490 servavit
684 3447 862 3507 quamquam
886 3433 1000 3488 ceterae
1022 3430 1054 3488 in
1077 3453 1096 3487 α
1118 3438 1263 3491 exeuntes

175 3531 289 3589 formae
311 3527 353 3586 sic
375 3529 595 3591 scribebantur:
622 3526 848 3607 νεφεληγερέτα,
871 3527 1114 3608 στεροπηγερέτα,
1138 3524 1261 3603 ἱππότα,

176 3621 339 3707 ἱππηλάτα,
361 3635 540 3705 κυανοχαῖτα
557 3639 587 3693 66
608 3625 743 3710 αἰχμηταὶ,
765 3625 883 3708 ἠπυτός
906 3633 1050 3692 dissensio
1066 3633 1185 3712 quidem
1200 3640 1264 3695 crat

176 3735 255 3794 inter
270 3731 476 3807 grammaticos
491 3735 542 3792 sed
560 3756 620 3794 non
635 3738 790 3795 mutabant
803 3741 965 3795 accentum.
1008 3735 1177 3796 Lobeckius
1191 3755 1263 3796 vero

176 3837 210 3895 in
224 3835 352 3911 Paralip.
375 3855 403 3912 p.
425 3840 481 3893 184
502 3835 587 3894 illum
602 3837 720 3912 μητίετα
737 3857 754 3896 6
769 3840 869 3912 μετῐτα
884 3837 1037 3897 dilatatum
1052 3837 1191 3896 habuisse
1206 3857 1263 3898 sec.

178 3937 268 3998 schol.
291 3938 328 3995 ad
350 3938 388 3996 A.
409 3939 476 3996 175.
495 3942 564 4011 508,
588 3940 638 3997 sed
661 3933 796 4014 ἀκάκητα
812 3945 842 4000 66
857 3931 991 4016 εόρόοπα
1011 3946 1113 3998 666666
1130 3941 1263 4016 regulam

108 4052 111 4062 '
178 4040 330 4116 scripsisse
356 4040 508 4117 probavit,
539 4060 636 4119 nequa
664 4042 804 4102 Lchrsius
830 4043 921 4103 Arist.
943 4064 972 4120 p.
990 4047 1050 4100 259
1067 4062 1110 4122 66.
1138 4043 1264 4103 certiora

179 4143 296 4216 statuit;
316 4142 412 4202 latent
433 4162 503 4202 sane
525 4152 698 4218 argumenta
712 4145 884 4220 Aristarchi,
906 4145 964 4204 nisi
980 4145 1052 4224 qnid
1074 4163 1115 4204 cx
1133 4145 1171 4204 iis
1187 4165 1262 4226 quae

179 4245 362 4321 grammatici
383 4245 414 4303 in
435 4246 609 4308 universum
632 4247 666 4306 de
689 4247 879 4308 nominativis
900 4249 932 4306 in
955 4267 974 4304 α
996 4247 1174 4326 censuerint,
1195 4247 1262 4308 clici

179 4348 281 4423 possit.
312 4347 346 4424 (§.
369 4347 471 4424 162.)
514 4349 620 4428 Neque
641 4353 781 4410 testatum
803 4354 848 4410 est
864 4349 1068 4411 Aristarchum
1091 4352 1126 4410 dc
1141 4350 1265 4409 Aeolica
