3092 4996
817 480 860 544 22

298 633 390 696 πέντα
404 628 479 695 aori
499 632 618 705 Αἰολεῖς
634 636 684 712 (ci.
701 635 800 694 Tacta.
815 637 911 711 Epex.
929 635 965 693 Il.
984 653 1014 711 p.
1032 638 1081 706 88,
1105 637 1155 692 26.
1174 631 1290 710 Herm.)
1309 634 1388 692 ment

299 727 393 815 ὦρσεν
414 731 520 818 ipone,
548 757 624 819 quae
646 758 707 797 non
731 735 825 810 magis
846 756 901 813 pro
926 728 1062 813 ὔρμησεν
1083 726 1216 812 α’ρμόσας
1233 735 1387 794 Aeolicam

295 861 450 920 syncopen
467 861 554 920 passa
576 860 640 900 esse
663 859 752 919 quam
775 831 840 914 ϊρὸς
861 835 955 914 ipsios
973 835 1064 917 (ἴρηξ)
1083 838 1184 898 docuit
1198 837 1264 914 ipse
1281 837 1388 911 κρᾶσιν

293 935 340 1013 αἱς
357 939 390 1002 ἐν
407 935 552 1026 apiliares
570 934 641 1016 ὔφις
659 937 738 1000 ἐστὶν
755 931 851 1017 εὑρεῖν
867 939 918 1016 (sc.
931 933 1075 1014 Ἰωνικὴν
1088 961 1117 1000 v.
1135 940 1255 1016 Gregor.
1272 940 1336 1000 Cor.
1352 939 1387 1016 l)

294 1051 443 1106 statuens.
485 1048 531 1104 Ao
549 1045 682 1121 proiecto
707 1044 806 1121 quivis
822 1043 901 1101 baud
917 1043 1063 1103 inmemor
1077 1047 1220 1121 quantum
1235 1042 1388 1101 Aeolicam

296 1167 451 1226 syncopen
474 1145 656 1222 grammatici
677 1145 711 1202 in
732 1144 845 1203 deliciis
866 1144 1039 1216 habuerint,
1070 1145 1170 1218 oredo,
1195 1145 1273 1203 hanc
1295 1143 1387 1203 solam

297 1249 360 1308 illis
381 1268 498 1309 cansam
524 1247 615 1307 fuisse
638 1246 818 1316 consentiet;
849 1247 900 1304 sed
921 1246 1001 1305 inter
1021 1247 1309 1323 pronuntiationem,
1337 1245 1387 1307 vel

297 1343 379 1428 ’ἱερᾶς
393 1351 445 1412 vel
466 1341 540 1430 ἱρός,
561 1369 622 1408 non
643 1352 758 1410 tantum
780 1347 906 1407 interest
927 1347 1093 1423 discrimen,
1114 1355 1150 1409 ut
1169 1349 1247 1426 apud
1268 1348 1388 1408 Ionicos

299 1456 403 1530 poetas
418 1455 600 1512 contractam
621 1450 746 1510 formam
763 1450 823 1508 iam
840 1450 1027 1526 exipsorum
1043 1451 1257 1512 consuetudine
1272 1451 1305 1509 in
1321 1451 1387 1511 vul-

298 1554 379 1630 garis
395 1555 553 1614 stationem
569 1554 725 1613 succedere
742 1552 875 1628 potuisse
892 1571 953 1610 non
973 1554 1174 1626 concedamus,
1196 1554 1388 1633 quamobrem

300 1675 363 1714 non
381 1657 539 1736 quicquam
553 1654 646 1714 Giesii
666 1653 836 1731 opinionem
849 1655 960 1713 habere
976 1675 1035 1734 quo
1054 1675 1085 1714 se
1102 1659 1228 1728 tueatur,
1250 1655 1386 1728 arbitror,

295 1757 351 1816 ‘eui
371 1755 590 1835 probabilitatis
610 1755 739 1815 colorem
759 1757 1016 1830 argumentatione
1038 1777 1098 1815 non
1121 1757 1192 1816 satis
1211 1757 1339 1816 induxit

388 1859 419 1937 6)
443 1858 531 1923 Quod
551 1859 629 1934 apud
645 1858 819 1930 Homerum,
840 1863 876 1918 ut
896 1858 928 1916 id
948 1857 1087 1918 hocloco
1108 1860 1204 1918 obiter
1218 1866 1327 1932 notem,
1344 1891 1387 1902 -·

296 1979 368 2019 »nam
389 1961 458 2021 voci
475 1957 570 2028 ἵππος
585 1959 784 2018 adulterinum
801 1979 937 2035 asperum
961 1959 1116 2020 inhaerere
1131 1962 1319 2020 notissimum
1342 1966 1389 2022 cst

256 2119 259 2127 .
299 2063 342 2140 (r.
363 2063 465 2136 (ἤθεα,
488 2083 517 2140 p.
534 2068 605 2137 332,
628 2063 708 2121 (lurt.
726 2066 798 2134 421,
822 2062 896 2140 641)
916 2096 972 2136 -,
1000 2063 1176 2124 nominativi
1198 2062 1314 2122 Aeolici
1336 2063 1388 2143 qui

301 2166 448 2239 dicuntur,
470 2158 582 2224 ἷεενεόεα
604 2170 636 2225 et
656 2157 808 2239 ἱππηλάτα
829 2184 975 2244 nusquam
996 2165 1094 2223 leuem
1116 2171 1302 2240 acceperunt,
1322 2165 1387 2224 iure

296 2266 373 2327 binc
394 2267 511 2344 conlegi
529 2271 636 2344 potest,
657 2267 879 2326 Alexandrinos
897 2265 949 2344 qui
967 2265 1089 2341 spiritus
1108 2266 1315 2343 adpinxerant,
1337 2287 1388 2326 eos

297 2368 453 2430 Aeolismo
475 2369 607 2428 nondum
626 2369 803 2428 vindicasse.

297 2499 299 2506 ·
352 2489 361 2516 ·
388 2470 420 2549 7)
442 2471 583 2530 Consulto
599 2472 724 2531 verbum
746 2461 847 2547 ἆγρεῖν
868 2469 948 2548 quod
964 2469 1118 2530 Aeolicum
1140 2490 1204 2532 esse
1220 2489 1274 2548 pro
1294 2467 1392 2558 αἱρεῖν

301 2574 486 2632 contendunt
507 2572 547 2649 (v.
562 2571 650 2630 Giese
667 2577 743 2645 234,
766 2573 839 2630 Ahr.
855 2572 879 2630 1.
897 2571 964 2649 25),
987 2572 1020 2630 in
1038 2593 1097 2650 quo
1116 2591 1253 2650 asperum
1269 2591 1286 2631 e
1307 2577 1389 2632 muta

302 2675 435 2753 litteray
454 2674 645 2733 adtenuatum
664 2693 728 2731 esse
743 2673 888 2733 Christius
905 2693 933 2749 p.
952 2677 1020 2746 109,
1042 2675 1197 2733 Kuhnium
1214 2675 1246 2733 in
1261 2694 1330 2733 ann.
1346 2676 1386 2733 II.

303 2796 333 2854 p.
350 2778 412 2835 270
435 2780 567 2848 secutus,
596 2774 705 2847 voluit,
733 2794 827 2854 eaque
849 2795 925 2853 quae
952 2777 989 2834 ab
1010 2777 1068 2836 hoc
1090 2777 1273 2836 descendunt
1293 2776 1389 2850 mitto,

305 2879 378 2959 quia
399 2876 426 2956 fi
443 2884 461 2936 4
485 2877 662 2952 explicatius
683 2878 719 2935 de
741 2896 777 2936 eo
798 2877 912 2956 loquar.

300 3021 302 3028 ·
389 2981 431 3040 11.
461 2979 636 3040 recentioris
656 2979 797 3039 Aeolicae
817 2979 936 3056 psilosis
958 2980 1109 3057 exempla:

389 3087 426 3142 A.
473 3082 503 3160 1)
524 3082 563 3140 In
583 3082 808 3159 pronominibus
829 3073 924 3158 ὔμμες
945 3075 1020 3158 ὔμμι
1043 3074 1122 3158 ὔμμε
1147 3101 1248 3158 asper,
1279 3082 1331 3162 qui
1357 3081 1390 3140 in

302 3186 386 3260 *vulp
408 3175 494 3260 ὑμεῖς
514 3184 657 3245 evanidae
676 3186 687 3260 j
710 3185 851 3261 spirantis
867 3184 934 3244 vice
949 3185 1087 3260 fungitur
1102 3203 1156 3261 pro
1175 3185 1235 3243 skr.
1255 3185 1392 3259 jusmat

306 3289 407 3366 (aliter
422 3286 521 3347 Christ
539 3308 568 3364 p.
585 3291 652 3345 109.
673 3291 731 3344 152
746 3285 867 3363 posuit),
888 3286 951 3345 leni
965 3287 1062 3359 cessit,
1084 3305 1172 3365 quem
1187 3287 1265 3362 apud
1280 3286 1392 3344 Home·

305 3411 372 3451 rum
395 3407 514 3470 quoque
535 3389 718 3464 grammatici
739 3391 904 3466 probarunt
924 3394 1043 3464 praeter
1064 3387 1284 3466 Tyrannionem
1297 3388 1391 3447 Maio·

306 3513 370 3553 rem
392 3511 449 3552 sec.
471 3496 582 3551 auctor.
605 3511 635 3549 νε.
658 3484 800 3566 πνευμῦε.
822 3511 852 3568 p.
867 3495 946 3548 236:
972 3482 1005 3548 ci
1027 3483 1162 3566 ῦπεὶσης
1177 3486 1280 3560 λέξεως
1301 3481 1392 3567 ὔρχον

305 3588 472 3654 δασύνεται.
488 3625 530 3638 --
546 3586 624 3670 πλὴν
642 3595 696 3652 τοῦ
710 3585 806 3670 ὔμμες
821 3583 885 3650 εἶναὶ
901 3592 960 3650 ’τοῦ
974 3582 1059 3666 ὔμεῖς
1073 3589 1229 3662 Αἰολικῶς.
1253 3583 1325 3650 ἀλλὰ
1340 3582 1391 3649 διὰ

306 3690 360 3756 εὰν
381 3689 443 3755 iiam
467 3691 598 3774 ῥηθέντα
612 3688 724 3754 κανόνα
746 3686 765 3753 o‘
784 3691 957 3771 Τυραννίων
978 3686 1059 3773 παρὰ
1080 3696 1122 3777 τῷ
1136 3695 1247 3776 ποιητῇ
1269 3686 1391 3752 {liuvae

305 3793 339 3859 ad
362 3793 465 3875 ὔμμες.
497 3798 537 3876 (v.
556 3797 643 3857 Giese
658 3818 687 3874 p.
705 3802 776 3870 410,
798 3796 929 3855 Lobeclr.
945 3796 1052 3855 Parall.
1070 3817 1099 3873 p.
1121 3802 1170 3870 34,
1192 3797 1302 3855 Plenar
1316 3816 1345 3872 p.
1361 3801 1390 3869 9,

303 3903 439 3962 Larocha
456 3920 485 3979 p.
502 3900 586 3978 369.)

302 4029 308 4038 ·
392 4004 425 4062 Β.
470 4001 503 4080 2)
526 4003 556 4060 Σ
573 4003 607 4060 in
629 4019 765 4077 asperum
781 4000 966 4060 debilitatum
988 4000 1152 4077 reperimus
1172 4001 1204 4060 in
1218 3999 1300 4076 vulg.
1321 3993 1391 4076 ἅμα,

305 4109 385 4166 huno
406 4111 505 4166 autem
524 4105 558 4163 in
579 4104 677 4163 lenem
697 4108 843 4162 mutatum
864 4108 895 4162 et
915 4103 1018 4162 Ionica
1037 4101 1071 4161 in
1093 4094 1199 4178 ὔμαξα,
1223 4106 1253 4162 et
1270 4101 1392 4161 Aeoliae

304 4210 339 4271 in
349 4207 509 4268 Homerico
525 4205 664 4268 adverbio
681 4195 799 4279 ὔμνὸνς,
816 4225 903 4284 quam
917 4204 1093 4281 scripturam
1107 4204 1280 4266 Aristarcho
1291 4202 1392 4263 Ptole-

307 4329 390 4370 maeo
405 4309 545 4368 Alexioni
561 4309 714 4383 probatam
729 4306 817 4366 Nicia
837 4311 868 4367 et
880 4306 1037 4383 Pamphilo
1052 4306 1157 4367 invitis
1178 4307 1228 4385 (ef.
1246 4305 1336 4365 schol.
1353 4307 1391 4365 A.
