3092 4996
815 502 836 566 4

283 661 475 720 dialectornm
500 659 744 733 investigatorem
769 678 801 716 se
825 657 975 735 praestitit
993 657 1114 733 Trypho
1136 655 1368 728 Alexandrinus,

284 763 336 844 qui
353 761 420 840 περὶ
437 762 496 820 τῶν
514 752 584 837 παρ’
599 751 720 839 Ὁμήρῳ
739 755 897 818 διαλέκτων
914 754 964 818 καὶ
982 755 1138 839 Σιμωνίδῃ
1154 753 1204 816 καὶ
1225 753 1368 838 Πινδάρῳ

282 862 331 924 κα1
363 857 502 938 Ἀλιιμᾶνι
527 859 576 921 aul
604 866 667 930 τοῖς
698 853 796 930 ἄλλοις
821 863 952 937 λυρικσῖς
980 861 1074 920 libros
1103 859 1370 937 conposuerat21).

282 967 411 1028 Tametsi
428 966 521 1040 igitur
537 985 610 1045 quas
627 965 789 1024 sententias
805 964 841 1022 de
859 964 974 1036 origine
992 967 1023 1023 et
1037 963 1211 1022 condicione
1229 961 1368 1020 dialecto·

282 1091 349 1130 rum
362 1068 547 1146 antiquiores
560 1067 761 1143 probaverint,
785 1067 856 1145 quid
870 1085 971 1125 eornm
988 1086 1079 1144 opera
1091 1066 1124 1124 in
1140 1066 1197 1124 hac
1212 1063 1369 1142 disciplina

281 1170 451 1251 profecerit,
471 1170 645 1248 plerumque
662 1170 841 1243 ignoramus,
863 1167 894 1225 id
910 1173 1026 1227 constat
1040 1188 1091 1227 eos
1109 1167 1250 1226 dialectos
1268 1186 1369 1226 aarum

280 1281 398 1335 tantum
422 1273 555 1348 gentium
581 1291 656 1351 quae
679 1271 784 1349 poesin
802 1277 833 1328 et
854 1270 970 1329 litteras
989 1269 1182 1330 excoluerant
1198 1269 1368 1342 singulatim

282 1396 400 1436 curasse
416 1377 446 1434 h.
461 1396 484 1434 s.
500 1374 634 1434 Ionicam
651 1373 781 1432 Atticam
795 1373 935 1430 Doricam
950 1373 1102 1432 Aeolicam
1120 1372 1163 1449 (ot
1178 1373 1368 1448 Tryphonem

281 1480 382 1538 nescio
406 1498 445 1536 an
462 1481 586 1555 propter
604 1475 763 1535 Corinnam
780 1475 950 1534 Boeoticam
961 1474 1024 1552 82))
1043 1480 1133 1554 atque
1149 1494 1202 1534 suo
1222 1491 1369 1552 quamque

281 1581 403 1641 nomina
432 1579 604 1657 adpellasse.
656 1581 700 1636 Ac
725 1578 799 1636 mihi
829 1579 948 1656 quidem
973 1597 989 1635 e
1013 1577 1183 1654 Tryphonis
1212 1576 1276 1636 loco
1301 1571 1369 1652 περὶ

222 1697 224 1700 ’
281 1685 393 1742 παθῶν
418 1679 521 1752 λέξεων
547 1679 572 1759 §.
594 1685 645 1739 11:
675 1679 867 1756 προςιίθεται
885 1674 917 1738 di
934 1671 967 1737 cd
988 1677 1120 1756 dlycppa
1137 1676 1220 1754 παρά
1235 1698 1265 1736 τε
1280 1669 1368 1736 Ἴωσι

280 1783 332 1845 καὶ
356 1782 498 1842 Αἰολεῦσι
521 1779 572 1840 καὶ
596 1782 744 1858 Δωριεῦσι
766 1778 818 1840 καὶ
842 1775 968 1840 Λάκωσι
991 1777 1041 1838 καὶ
1067 1780 1273 1858 notescam)
1297 1780 1368 1839 satis

281 1887 434 1967 probabile
457 1887 492 1945 fit
514 1885 572 1962 ipsi
594 1903 655 1942 non
673 1885 760 1943 modo
784 1904 844 1943 non
867 1904 953 1943 usum
976 1903 1081 1942 verum
1106 1882 1197 1942 etiam
1216 1884 1369 1942 notionem

280 1990 410 2050 nominis
426 1987 540 2048 Aeolici
566 2005 624 2064 qua
647 2006 749 2044 omnes
769 1985 875 2045 Graeci
894 1991 1013 2064 praeter
1031 1987 1128 2044 Dores
1143 1987 1233 2044 Iones
1252 1985 1367 2045 Atticos

282 2092 609 2170 conprehenderentur,
640 2088 729 2165 plane
745 2087 879 2162 ignotam
894 2088 999 2159 fuisse3
1029 2108 1118 2168 quom
1141 2087 1312 2165 opinionem
1331 2108 1368 2146 ex

280 2195 424 2254 historica
439 2190 686 2270 interpretatione
701 2195 837 2251 vetustae
847 2190 1047 2250 fabulositatis
1061 2189 1220 2267 repetitam
1236 2191 1368 2268 suspicor

281 2298 455 2356 aStrabone
467 2295 516 2374 ²4)
529 2294 657 2371 primum
668 2283 831 2352 dialecticis
843 2292 1008 2351 rationibus
1019 2293 1203 2352 extrinsecus
1218 2293 1368 2352 obtrusum

280 2418 354 2458 esse.
397 2399 427 2456 Is
452 2396 531 2456 onim
554 2416 620 2456 cum
643 2415 816 2472 persuasum
840 2395 966 2454 haberet
989 2400 1034 2454 tot
1058 2395 1236 2454 Graecorum
1261 2395 1367 2472 stirpes

279 2501 372 2560 fuisse
389 2503 462 2578 quot
473 2499 623 2568 dialectos,
647 2497 806 2555 secundom
817 2497 900 2554 illam
915 2497 1115 2570 grammaticis
1127 2497 1268 2556 usitatam
1284 2503 1367 2576 quat-

280 2609 351 2662 tuor
366 2601 559 2660 dialectorum
575 2599 751 2658 divisionem
770 2618 844 2676 quae
859 2605 953 2658 totam
966 2599 1086 2673 linguae
1103 2599 1368 2677 discrepantiarum

282 2704 397 2782 copiam
415 2703 442 2761 ei
458 2702 523 2762 visa
538 2707 583 2760 est
597 2699 744 2778 amplecti,
766 2720 829 2758 rem
845 2700 887 2758 sie
900 2700 1033 2759 instituit
1048 2706 1080 2760 ut
1088 2701 1228 2760 Aeolicae
1243 2701 1367 2759 dialecto

280 2806 373 2865 multo
392 2804 487 2863 maior
501 2823 590 2886 quam
605 2802 712 2862 ceteris
730 2801 857 2860 ambitus
874 2803 1101 2875 adtribueretur,
1124 2804 1204 2883 quod
1219 2803 1367 2862 luculente

282 2907 421 2984 exposuit
437 2905 603 2967 Abrensius
619 2906 644 2964 Ι.
662 2925 691 2981 p.
708 2910 726 2962 2
745 2904 833 2962 simul
850 2905 955 2963 videns
970 2924 1000 2981 p.
1018 2910 1088 2977 283,
1111 2925 1178 2964 eum
1194 2905 1370 2964 Dicaearchi

280 3009 423 3070 Messenii
435 3010 460 3067 si
472 3010 569 3067 miuus
579 3009 672 3069 verba
690 3011 722 3065 at
738 3012 818 3066 certe
834 3006 1060 3083 dispositionem
1071 3007 1240 3066 adscivisse.
1268 3012 1368 3087 Atque

280 3115 367 3173 iuxta
380 3111 557 3170 Dicaearchi
574 3113 666 3173 verba
682 3129 758 3189 quae
772 3109 805 3166 in
819 3110 986 3183 fragmento
1004 3109 1080 3167 Βίου
1096 3100 1234 3178 ‘allatos
1250 3114 1370 3170 exstant

282 3215 360 3293 apud
376 3215 418 3273 M.
437 3214 594 3287 Fuhrium,
615 3213 680 3271 Dio.
700 3214 789 3270 Mese.
809 3231 884 3290 quae
902 3216 1070 3288 supersunt,
1092 3209 1260 3272 Darmstad.
1277 3216 1367 3288 1641.

282 3340 311 3397 p.
327 3319 395 3390 147,
412 3316 536 3376 Hesiodi
550 3318 750 3390 fragmentum
766 3313 936 3388 acatalogis
953 3314 1073 3372 ductum
1090 3313 1238 3390 (XXXII.
1255 3314 1300 3374 ed.
1316 3313 1368 3372 alt.

289 3437 489 3448 -....-.-.---...

353 3502 397 3565 21)
414 3518 439 3550 v.
457 3504 487 3549 Δ.
506 3504 536 3550 de
554 3502 658 3559 velcon,
684 3501 809 3561 Tryphon.
828 3499 868 3545 Al.
887 3499 934 3559 frg.
952 3514 976 3560 p.
992 3502 1004 3546 1
1018 3513 1054 3558 sq.
1095 3499 1200 3561 Sangab.
1217 3515 1242 3560 p.
1257 3502 1297 3550 33.
1312 3503 1369 3549 124.

354 3586 399 3651 21)
416 3587 446 3634 ef.
466 3586 577 3635 Giesium
596 3602 620 3648 p.
634 3588 674 3634 46.

354 3673 398 3736 23)
415 3673 529 3720 Huncin
547 3672 663 3720 Abrensii
679 3670 741 3717 libro
759 3671 779 3715 1.
797 3684 823 3729 p.
836 3669 868 3715 30
885 3683 935 3716 non
955 3671 1077 3730 integrum
1094 3671 1268 3731 transcriptum
1286 3671 1368 3718 neseio

285 3773 329 3805 cur
346 3757 468 3805 christina
484 3758 511 3804 in
528 3757 636 3804 fundam.
654 3756 788 3817 phonolog.
808 3752 894 3800 Graec.
913 3769 937 3814 p.
952 3757 999 3801 172
1018 3770 1063 3816 pro
1081 3761 1196 3816 corrupto
1213 3756 1368 3814 iudicaverit,

286 3845 307 3891 si
323 3844 378 3903 ipse
395 3845 507 3891 Muscam
524 3842 666 3902 cantabrig.
684 3840 802 3900 inspexit;
828 3839 921 3886 scilieet
937 3841 998 3888 Ahr.
1020 3841 1073 3888 eius
1090 3841 1155 3899 quod
1173 3841 1311 3898 exciderat,
1335 3840 1369 3887 11.

285 3944 309 3989 p.
324 3929 373 3977 506
391 3933 485 3988 partam
497 3927 669 3988 subpleverat;
688 3927 788 3986 plenum
800 3925 873 3970 etiam
886 3925 984 3973 exbibet
995 3925 1183 3985 Savelsbergius
1195 3925 1225 3973 de
1237 3927 1369 3984 Digammo

240 4045 243 4058 .
285 4029 311 4074 p.
325 4017 354 4072 83
372 4027 446 4074 porro
458 4014 534 4060 falsus
546 4018 583 4060 est
595 4011 624 4059 G.
638 4012 775 4068 Rennerus,
793 4011 823 4057 de
840 4011 896 4056 dial.
916 4013 1006 4070 antiqu.
1024 4009 1110 4056 Graec.
1129 4011 1212 4071 poesis
1227 4011 1327 4070 elegiae.
1346 4014 1371 4058 at

285 4098 405 4145 iambicus
422 4099 447 4144 in
465 4097 533 4144 Cart.
551 4097 620 4144 stud.
632 4098 651 4143 1.
667 4100 688 4144 1.
707 4111 731 4157 p.
746 4097 802 4155 145,
821 4096 863 4155 qui
874 4096 912 4143 1111
923 4097 1063 4145 testimonio
1075 4096 1137 4143 nibil
1148 4095 1304 4144 tribuendum
1316 4109 1369 4142 essa

285 4182 386 4230 censuit.

356 4264 400 4331 24)
418 4268 483 4315 V111.
502 4283 522 4315 c.
536 4272 557 4316 1.
575 4283 599 4328 p.
611 4270 669 4334 516,
687 4267 718 4314 ef.
736 4265 841 4314 aurens.
858 4267 876 4313 Ι.
895 4281 919 4326 p.
934 4272 955 4316 1.
981 4266 1046 4315 Gies.
1065 4281 1089 4327 p.
1103 4269 1134 4315 61
1148 4281 1184 4326 sq.
1211 4266 1240 4314 Ε.
1255 4265 1367 4314 Curtium

287 4353 344 4401 hist.
362 4351 448 4400 Graec
467 4354 502 4399 1⁴.
520 4367 543 4413 p.
557 4355 614 4400 623.
629 4356 668 4400 21.
687 4353 720 4412 (a.
735 4351 819 4411 1814).
