3114 4994
682 502 740 570 161

250 655 629 738 PraetereaSmyrnaea
650 660 803 739 origine
825 661 1026 724 heolieum
1045 663 1253 726 Homerum

167 757 365 820 defenderunt
389 759 626 838 Welolrerusil)
657 767 688 824 et
716 762 921 842 Lauerns¹⁸).
965 765 1075 828 Contra
1101 767 1136 828 O.
1158 767 1253 828 Muel-

149 877 151 882 ·
165 859 253 936 lorus,
269 862 321 940 qni
335 863 449 940 primus
463 863 495 922 in
506 862 649 943 Smyrnae
665 866 836 926 memoriam
850 865 1009 942 diligenter
1022 868 1180 949 inquisivit
1191 868 1252 947 ¹⁹),

166 983 233 1023 oum
254 965 328 1024 duas
348 965 487 1041 eolonias,
511 967 641 1043 priorem
661 967 795 1028 Ionioam
816 969 935 1046 Epheso
958 969 1081 1032 alteram
1102 971 1253 1034 Aeolioam

166 1065 274 1140 Gumis,
296 1086 332 1127 eo
348 1069 487 1129 deductas
503 1068 690 1131 distinxisset
708 1075 798 1151 atque
820 1072 1008 1146 cognovisset
1021 1074 1110 1134 Iones
1132 1079 1163 1136 et
1174 1077 1253 1136 Aeo-

165 1168 264 1229 lenses
293 1169 475 1250 aliquamdiu
504 1191 565 1232 una
590 1173 633 1232 ibi
662 1173 825 1246 habitasse,
854 1178 918 1233 tum
944 1173 1012 1236 illos
1037 1175 1117 1236 inter
1143 1196 1253 1257 eosque

165 1276 284 1348 gentem
306 1273 495 1334 Homerioam
517 1276 554 1334 ab
583 1274 630 1334 his
652 1276 793 1353 expulsos
814 1275 1016 1352 Colophonem
1038 1297 1070 1338 se
1096 1281 1252 1356 reoepisse,

164 1376 217 1435 sed
238 1381 307 1452 post
328 1376 386 1436 duo
401 1376 471 1435 »fere
492 1378 609 1436 saeoula
629 1397 779 1454 regressos
808 1383 900 1438 totam
922 1380 1026 1439 urbem
1052 1381 1109 1441 sibi
1130 1401 1252 1459 reeupe-

164 1497 252 1551 rassa,
276 1497 315 1537 ex
329 1478 433 1538 Ionioa
453 1484 537 1554 parte
551 1484 669 1581 poytam
686 1485 783 1540 ortum
799 1499 862 1541 esse
883 1485 914 1540 et
928 1481 1060 1544 Ionieam
1082 1483 1253 1544 551551151-

165 1599 228 1639 eam
243 1579 401 1640 dialeotnm
416 1581 587 1641 adhibuisse
607 1581 842 1658 autumnum).
880 1583 941 1643 'eui
966 1584 1100 1661 opinioni
1122 1586 1253 1662 adstipu-

166 1681 243 1742 latus
265 1683 517 1759 Sengebusohius,
539 1684 721 1762 inpugnator
741 1685 866 1745 Homeri
888 1686 1003 1748 Aeolioi
1026 1707 1114 1768 quem
1135 1687 1194 1748 iam
1215 1690 1252 1748 ab

167 1785 337 1846 Aristaroho
359 1805 480 1862 prorsus
503 1806 567 1847 esse
588 1787 779 1863 profligatum
801 1789 985 1864 praedioayit
1012 1790 1056 1868 (in
1076 1791 1162 1850 Iahn.
1185 1809 1253 1850 ann.

164 1907 192 1964 p.
209 1887 285 1965 259)
306 1888 474 1962 acerrimus,
501 1889 552 1969 qui
575 1889 739 1949 Homerum
760 1890 974 1951 Atheniensem
995 1891 1074 1952 iuter
1095 1892 1253 1970 populares

164 1989 321 2070 Smyrnam
336 1991 522 2052 traioientem
537 1991 653 2052 reooxit
667 2010 822 2071 genusque
844 1996 874 2052 et
892 1992 990 2068 ipsum
1005 1994 1129 2054 Homeri
1144 2015 1252 2056 nomen

164 2090 211 2169 (nt
231 2112 285 2170 pro
307 2093 455 2172 Thamyra
480 2093 583 2170 essetl)
614 2100 645 2154 et
673 2099 765 2154 totam
794 2094 899 2171 poesin
929 2096 966 2154 ad
987 2097 1103 2169 Atticos
1125 2096 1252 2158 Thraces

162 2195 376 2256 admirabiliter
397 2215 536 2256 revooare
557 2195 677 2256 molitus
698 2193 814 2273 est³¹),
838 2196 999 2258 deolenses
1021 2198 1178 2279 quiequam
1199 2219 1251 2260 va-

161 2297 254 2358 luisse
275 2299 312 2358 ad
332 2297 524 2358 excolendam
539 2299 728 2358 Homericam
750 2298 855 2376 poesin
876 2300 1040 2376 pruefraote
1062 2301 1250 2382 negarim).

162 2401 273 2460 Verum
296 2401 375 2460 enim
396 2419 468 2462 vero
483 2401 708 2480 Ahrensiusil)
730 2401 853 2462 heolioa
872 2403 999 2479 vestigia
1020 2403 1062 2463 sio
1084 2405 1250 2480 extricavit,

162 2509 198 2564 ut
218 2503 375 2582 Smyrnam
397 2504 522 2564 Homeri
543 2505 670 2582 patriam
698 2504 794 2582 primo
823 2505 860 2565 ab
883 2505 1080 2567 Aeolensihus
1103 2508 1251 2568 eonditum

162 2612 226 2667 tum
249 2608 285 2665 ah
299 2606 424 2666 Ionibus
446 2609 501 2668 suh
523 2611 699 2683 potestatem
718 2608 866 2666 redactam
884 2607 978 2690 brisso
992 2609 1148 2685 aooiperet,
1171 2612 1251 2690 quod

164 2727 268 2768 eensor
296 2709 345 2788 (of.
368 2729 397 2786 p.
413 2710 445 2791 2)
475 2729 536 2768 non
565 2710 629 2770 sine
657 2728 744 2770 eausa
771 2709 804 2768 in
831 2709 1045 2770 dubitationem
1073 2713 1193 2774 vooavit
1221 2718 1252 2774 et

162 2811 307 2872 refutatu·
329 2811 450 2888 Bergkii
473 2831 560 2890 eausa
582 2830 670 2893 quam
691 2831 720 2888 p.
738 2816 795 2871 851
821 2812 954 2889 protulit.
979 2813 1036 2872 hoe
1058 2820 1126 2891 post
1148 2815 1250 2894 Olym·

161 2913 281 2991 piadum
299 2913 419 2974 initium
435 2915 552 2974 demum
566 2914 677 2974 fastum
699 2933 764 2976 essa
778 2920 847 2974 anto
864 2933 951 2994 quam
970 2920 1096 2976 aetatem
1111 2917 1249 2992 earmina,

161 3021 249 3076 oerte'
263 3015 343 3088 Ilias,
366 3017 502 3077 oonieota
522 3017 614 3077 fuisse
635 3018 768 3094 putanda
788 3023 895 3078 essent.
917 3015 919 3021 ’
938 3019 1009 3094 Ipse
1030 3034 1102 3078 vero
1123 3019 1250 3081 novissi-

161 3139 227 3178 mus
253 3115 382 3196 χωρίζων
411 3118 451 3197 (p.
472 3117 546 3197 758)
575 3119 718 3198 Smyrnae
744 3119 857 3180 ineolas
885 3121 955 3180 olim
984 3121 1062 3182 solos
1088 3122 1249 3184 Aeolenses

159 3221 253 3281 fnisse
279 3220 361 3281 'dixit
386 3242 414 3299 p.
431 3226 492 3281 456
519 3227 610 3302 atque
632 3223 794 3284 Homerum
821 3223 864 3282 ibi
893 3228 996 3283 natum
1024 3221 1065 3300 (p.
1086 3228 1154 3284 159.
1174 3225 1249 3302 455)

160 3329 319 3404 postquam
339 3324 502 3400 inluuiem
525 3324 680 3400 migrasset
700 3325 733 3384 in
754 3325 827 3385 (lhio
848 3323 971 3384 Iliadem
992 3325 1132 3403 panxisss
1147 3328 1249 3388 Ionioa

160 3425 286 3486 dialeuto
314 3445 401 3486 usum
429 3427 487 3488 sibi
515 3425 605 3487 finxit
630 3447 660 3504 p.
678 3431 727 3486 89.
744 3431 815 3486 418.
834 3423 936 3508 45718.
954 3428 1024 3488 739.
1044 3423 1147 3509 85558.
1190 3428 1248 3488 Sed

159 3531 195 3588 ut
208 3527 335 3607 Smyrna
352 3529 536 3609 aliquantum
558 3528 664 3604 valeat,
686 3535 786 3588 temen
808 3548 847 3588 ex
863 3504 984 3588 Aeolios
998 3530 1122 3588 Homeri
1142 3535 1247 3606 poetae

160 3629 273 3709 quippe
295 3649 333 3689 ex
356 3631 479 3692 arbitrio
499 3631 657 3692 dialeotum
678 3632 805 3692 alienam
819 3631 939 3691 Ionieae
962 3630 1122 3692 eloeutioni
1143 3632 1245 3693 inmis-

228 3768 272 3829 27)
288 3767 314 3815 in
331 3767 400 3829 oyolo
418 3766 495 3829 epioe.
511 3767 532 3814 1.
549 3781 573 3828 p.
588 3769 730 3818 145-157.
802 3769 845 3828 55)
861 3769 957 3828 p.110.

229 3852 273 3920 55)
290 3855 347 3902 hist.
364 3855 410 3902 litt.
430 3853 472 3903 Gr.
487 3853 509 3900 1.
526 3867 551 3914 p.
565 3854 674 3902 55-14.
744 3850 788 3918 50)
804 3852 864 3900 ibid.
882 3866 906 3913 p.
919 3856 959 3903 15.
978 3853 1018 3901 ll.

228 3937 273 4004 51)
290 3954 315 4001 p.
328 3941 386 3990 ou.
405 3939 463 3990 585.
481 3939 539 3988 diss.
558 3953 583 4000 p.
595 3939 628 3986 11.
646 3939 687 3986 55.
706 3941 763 3990 105.
782 3941 839 3987 115.

228 4023 272 4091 55)
290 4039 314 4086 p.
326 4027 390 4075 40⁶:
413 4025 505 4086 „allsin
521 4026 547 4073 in
565 4025 612 4073 den
630 4025 736 4073 Hdnden
752 4025 796 4074 des
809 4024 940 4086 jonisohen
959 4023 1044 4073 Theils
1061 4025 1105 4073 der
1122 4023 1245 4074 Bevdlke·

160 4121 226 4169 rung
242 4109 275 4157 ist
284 4109 378 4159 Homer
395 4110 533 4172 gehliebem
551 4123 580 4159 55
596 4111 669 4172 leuge
681 4111 766 4159 dioler
782 4111 834 4158 und
846 4109 928 4158 Ionier
944 4109 971 4156 in
982 4108 1088 4171 Smyrna
1105 4125 1245 4160 zusammen

159 4175 275 4242 wohnterl
292 4197 343 4244 und
360 4198 398 4246 als
421 4197 460 4245 die
477 4197 581 4246 lotroem
599 4196 740 4245 vertrieben
756 4197 872 4254 werden,
897 4194 971 4256 gieng
996 4196 1040 4243 der
1057 4209 1135 4256 ganas
1152 4196 1246 4245 Homer

158 4279 204 4328 mit
220 4281 284 4328 naoh
302 4281 431 4344 Colophon
447 4283 497 4330 und
514 4283 572 4330 kam
596 4285 646 4330 erut
670 4283 715 4331 mit
741 4282 789 4331 den
806 4281 905 4330 louiern
923 4280 1014 4330 wieder
1030 4283 1094 4331 naob
1111 4282 1244 4346 Smyrna.“

228 4364 272 4432 55)
289 4368 316 4417 15
332 4381 434 4429 gramm.
452 4369 511 4417 dial.
530 4367 603 4416 Attio.
622 4372 647 4416 et
663 4367 764 4417 Homer.
782 4368 806 4430 5.
821 4371 843 4414 1.
860 4381 884 4428 p.
897 4369 921 4417 5.

987 4459 1023 4514 ll
