3092 4996
800 449 842 512 42

280 605 395 663 emend.
415 625 444 682 p.
461 604 509 663 77.
532 603 700 662 Lobeohiue
719 624 790 664 vero
806 604 981 663 Aristarcho
998 604 1122 663 credidit
1135 604 1168 662 in
1191 603 1227 662 el.
1243 605 1326 680 path.
1343 604 1369 662 Ι.

280 728 308 784 p.
327 708 386 764 237
417 706 459 766 sic
487 706 616 766 locutus:
650 705 699 788 si,
729 711 763 765 ut
784 707 940 766 Nitaschio
969 707 1007 766 ad
1030 707 1085 765 Od.
1109 725 1131 765 ε.
1152 711 1212 765 889
1241 712 1272 765 66
1292 706 1369 764 mihi

280 808 377 867 visum
404 814 465 881 est,
495 803 592 880 πλάζω
619 808 740 885 proprie
767 809 847 868 idem
873 808 1022 883 significat
1048 827 1083 868 ac
1111 800 1246 883 πλήσσω,
1276 807 1369 886 alpha

276 910 400 984 longum
427 931 491 969 esse
521 907 648 986 oportet’
676 915 766 991 atque
793 910 977 970 Aeolismum
1002 912 1124 971 fovebat
1151 911 1307 987 Rumpfius
1333 910 1368 970 iu

276 1013 363 1070 Ichn.
393 1032 461 1070 ann.
485 1034 513 1072 v.
532 1018 571 1071 93
602 1012 710 1092 (1866)
739 1034 766 1090 p.
785 1014 836 1073 97.
879 1014 937 1074 Sed
966 1014 1123 1073 nemodum
1151 1013 1368 1081 demonstravit

277 1107 374 1185 πλάζω
404 1135 437 1173 re
458 1134 531 1175 vera
552 1115 676 1174 Aeolica
703 1115 757 1173 illa
783 1117 947 1176 mutatione
977 1117 1013 1174 de
1043 1135 1102 1196 qua
1122 1135 1228 1191 parum
1251 1119 1369 1174 constat

275 1236 330 1293 pro
353 1207 474 1290 πλήσσω
490 1219 590 1275 ortum
602 1237 667 1274 esse
682 1237 779 1296 neque
802 1221 838 1277 de
854 1217 1020 1298 quantitate
1037 1217 1150 1279 vocalis
1166 1239 1185 1274 α
1200 1218 1274 1276 certi
1293 1217 1367 1297 quid

277 1317 432 1395 cooperire
450 1317 530 1378 licet.
573 1321 706 1397 Adparet
728 1327 827 1380 autem
848 1324 941 1383 verba
962 1313 1061 1391 πλάζω
1074 1324 1115 1378 66
1134 1315 1265 1396 aldeam,
1289 1337 1366 1398 quae

278 1419 443 1497 posteriore
465 1441 522 1480 usu
543 1422 674 1481 notionis
690 1424 842 1500 paululum
857 1423 937 1483 inter
954 1443 984 1482 66
1005 1423 1183 1500 discrepant,
1205 1423 1367 1481 abeodem

279 1522 372 1600 stirpe
394 1524 485 1580 utar·
508 1525 698 1597 descendere;
728 1526 803 1586 illud
830 1525 923 1599 igitur
955 1545 993 1584 ex
1024 1515 1138 1604 nldyju
1167 1515 1222 1602 per
1249 1517 1366 1599 aloidju

278 1623 372 1699 (Curi.
390 1645 420 1702 p.
439 1626 512 1703 666)
534 1629 646 1686 fectum
668 1633 721 1700 est,
743 1630 777 1686 in
798 1630 856 1686 hoc
876 1647 1022 1687 consonae
1044 1627 1127 1686 finali
1149 1626 1259 1685 neoclis
1280 1645 1367 1702 prae-

278 1725 451 1787 ludebatur:
474 1720 661 1804 salci—cajus
679 1729 727 1806 (cl.
744 1730 795 1790 lat.
808 1730 946 1808 plango),
969 1749 1044 1809 quae
1063 1747 1244 1789 evanescens
1266 1729 1367 1788 effecit

276 1829 502 1905 productionem
525 1831 753 1908 suppletorium:
782 1826 911 1907 πλήσσω.
954 1832 1062 1911 Itaque
1084 1851 1144 1889 non
1167 1830 1265 1890 minus
1286 1830 1366 1890 veri-

277 1931 373 1990 simile
396 1938 454 2004 est,
485 1933 599 1992 duobus
621 1935 721 1994 verbis
749 1934 783 1993 in
803 1934 908 2008 lingua
929 1934 1047 2008 vulgari
1069 1934 1192 1992 eandem
1213 1933 1366 1992 notionem

276 2033 346 2091 olim
367 2035 548 2109 inhaesisse,
577 2036 608 2094 id
630 2039 709 2117 quod
730 2038 860 2096 Lobeck.
882 2038 920 2095 ad
936 2037 985 2095 Αἱ.
1003 2057 1031 2096 v.
1051 2041 1121 2094 598.
1141 2054 1170 2111 p.
1187 2039 1246 2092 241
1270 2031 1365 2093 dixit:

277 2137 321 2216 ‘fit
336 2137 476 2196 credibile
491 2141 583 2199 verba
603 2133 711 2214 πλάζω,
733 2132 892 2216 πλήγνυμι,
915 2132 1035 2212 alsiosa
1051 2157 1112 2197 non
1126 2137 1224 2196 minus
1238 2136 1319 2196 inter
1333 2155 1365 2194 se

278 2243 404 2312 cognata
432 2259 495 2298 esse
526 2260 614 2320 quum
644 2241 814 2316 germanica
842 2241 895 2300 illo
924 2233 1065 2313 schlagen
1088 2231 1268 2317 (πλήσσειν),
1297 2257 1365 2299 ver·

276 2339 416 2414 schlageu
432 2334 582 2420 (τιλάζειν)
597 2343 647 2403 vel
660 2343 732 2402 intr.
748 2343 929 2417 anschlagen
944 2342 994 2421 (cf.
1010 2343 1182 2400 Buttmann.
1198 2361 1240 2414 gr.
1257 2341 1308 2400 Gr.
1321 2341 1363 2399 II.

275 2462 305 2518 p.
320 2445 405 2522 268).
438 2446 474 2502 of.
492 2447 572 2504 Gurt.
589 2447 621 2504 in
636 2445 745 2504 Philol.
757 2447 816 2505 III.
832 2466 861 2521 p.
874 2452 901 2516 3,
918 2450 956 2504 et.
972 2466 1001 2522 p.
1015 2450 1086 2514 260,
1101 2445 1138 2501 de
1152 2445 1234 2502 verb.
1251 2463 1280 2520 p.
1292 2449 1364 2500 320.

275 2546 350 2603 Ahr.
378 2565 500 2618 gramm.
531 2548 599 2606 dial.
626 2550 689 2605 Att.
719 2554 749 2605 et
776 2548 865 2606 Hom.
889 2546 915 2624 §.
935 2553 983 2606 61.
1014 2567 1045 2606 n.
1062 2552 1090 2606 5.
1112 2566 1142 2622 p.
1161 2547 1212 2605 77.
1261 2545 1365 2604 Potuit

276 2665 347 2704 sane
369 2646 444 2718 fieri,
466 2653 501 2705 ut
514 2649 675 2707 Homerica
696 2653 793 2708 aetate
810 2639 908 2719 πλᾶζω
926 2649 968 2707 ibi
985 2650 1074 2708 etiam
1088 2649 1290 2719 adhiberetur,
1311 2646 1363 2705 ubi

275 2747 423 2808 excultior
444 2768 515 2807 usus
542 2751 716 2808 recentioris
745 2751 887 2827 temporis
916 2743 1036 2825 πλήσσω
1065 2750 1163 2828 potius
1188 2749 1361 2828 postularet.

274 2851 355 2924 Ergo
378 2869 440 2908 non
461 2871 573 2924 negans
594 2852 627 2910 in
649 2851 783 2911 Aeolidis
810 2872 867 2911 usu
887 2853 1013 2910 fortasse
1035 2853 1130 2912 solum
1151 2853 1243 2911 fuisse
1264 2846 1362 2922 πλάζω

275 2970 330 3027 pro
347 2953 459 3011 duobus
481 2945 579 3024 πλάζω
598 2959 629 3013 66
642 2947 772 3029 alsiosa,
796 2973 872 3032 quae
892 2975 941 3014 res
956 2955 1163 3029 grammaticos
1183 2954 1216 3012 in
1232 2973 1363 3013 errorem

274 3053 410 3126 induxit,
440 3060 475 3113 ut
504 3048 602 3128 πλάζω
623 3057 745 3116 Aeolica
772 3077 810 3116 ex
832 3056 925 3116 altero
954 3077 1074 3118 versum
1097 3057 1267 3130 crederent,
1298 3075 1363 3114 eam

276 3155 471 3214 mutationem
498 3178 560 3216 non
587 3161 674 3218 modo
701 3160 847 3218 incertam
874 3160 925 3218 sed
946 3158 1130 3218 Aeolismum
1156 3159 1274 3218 futilem
1298 3176 1362 3217 esse

274 3256 383 3316 iudico.

266 3429 268 3434 s
360 3361 459 3419 Etiam
475 3363 707 3439 comparativum
722 3354 868 3434 ὖπολίζων
883 3364 919 3422 Σ.
933 3368 993 3421 619
1009 3362 1109 3422 nescio
1124 3381 1164 3422 au
1178 3360 1362 3436 grammatici

275 3463 356 3522 inter
377 3463 542 3522 Aeolismos
564 3465 733 3538 retulerint3
763 3466 953 3524 Herodianus
975 3454 1278 3540 6611166666.Ἰλ.πρ.
1299 3467 1361 3522 tres

275 3559 392 3633 τύπους
414 3568 607 3644 comparativi
630 3588 806 3628 enumerans
829 3562 933 3639 ὀλίζων
947 3557 1064 3644 ὀλιγέων
1085 3559 1224 3624 d-lloouv
1239 3566 1288 3643 (cf.
1303 3563 1363 3623 λίσ-

276 3682 331 3724 σον
347 3687 392 3744 ap.
414 3669 562 3747 llesych„
587 3672 666 3730 Ourt.
683 3649 799 3748 past.
819 3669 893 3745 624)
916 3668 1006 3728 dixit:
1033 3661 1070 3727 soi
1093 3663 1125 3726 δὲ
1147 3660 1203 3726 drio
1225 3683 1261 3726 σσ
1282 3661 1362 3743 μετέ-

276 3786 363 3828 πεσεν
386 3768 427 3841 εἰς
444 3772 460 3843 ζ
480 3767 530 3829 καὶ
552 3765 733 3847 ἀπετελέσθη
755 3763 788 3829 τὸ
811 3762 915 3841 ὅλιζον.
938 3763 1034 3839 οὕτως
1055 3757 1109 3830 οὖν
1130 3767 1363 3847 ἕσχηματίσαμεν

276 3867 328 3931 καὶ
350 3865 382 3932 τό
406 3876 517 3948 μεῖζον,
546 3869 620 3952 λέγω
643 3868 675 3930 δὲ
697 3861 772 3930 acroi
794 3865 848 3946 τήν
869 3864 962 3948 αὐτὴν
983 3866 1096 3949 τροπὴν
1122 3873 1183 3930 τῶν
1203 3862 1361 3949 στοιχείων.

277 3973 363 4038 Quod
378 3996 449 4037 vero
464 3976 649 4052 grammatici
666 3967 759 4045 ὅλιζον
774 3994 828 4050 pro
852 3966 950 4052 ὀλίγον
967 3956 1089 4034 tradunt
1102 3976 1195 4034 foisse
1216 3980 1268 4036 aut
1282 3974 1361 4051 apud

275 4077 438 4136 Aeolenses
461 4079 501 4157 (v.
519 4079 638 4137 Aelium
656 4077 781 4153 Dionys.
804 4096 849 4153 ap.
867 4078 952 4135 Eust.
971 4097 1000 4153 p.
1020 4081 1110 4148 1160,
1137 4077 1187 4155 17)
1209 4080 1262 4135 666
1283 4076 1362 4154 apud

275 4180 431 4239 Thessalos
454 4179 494 4256 (v.
511 4180 660 4257 Apionem
676 4189 707 4238 et
721 4178 908 4254 Herodorum
928 4198 976 4254 ap.
992 4180 1076 4240 Euat.
1094 4200 1124 4256 p.
1139 4184 1209 4254 329,
1236 4178 1287 4256 12)
1309 4183 1361 4254 aut

275 4281 308 4340 in
331 4282 495 4343 recentiore
517 4283 589 4342 Iade
612 4283 650 4360 (v.
669 4280 859 4342 Heraclidem
877 4281 964 4340 Alex.
988 4299 1035 4359 ap.
1053 4283 1137 4341 Euat.
1160 4301 1189 4359 p.
1211 4287 1299 4354 1643,
1318 4281 1359 4359 2),
