3092 4996
666 483 707 554 75

149 643 234 716 tatio;
256 644 358 723 itaque
380 643 486 704 melius
500 645 598 721 placet
619 643 747 722 suspicio
762 643 860 703 lenem
881 643 929 703 vel
948 643 1107 703 temeritati
1131 663 1228 719 granu

149 745 318 806 matioornm
348 747 395 808 vel
417 745 592 807 oscitantiae
617 746 807 808 librariorum
834 747 1032 825 inputandam
1053 765 1125 806 esse.
1170 749 1228 806 Re-

148 848 273 907 ctissime
300 847 393 923 igitur
421 854 564 928 quantum
589 849 676 912 video
707 849 871 908 Ahrensius
891 850 932 908 II.
962 869 990 926 p.
1008 854 1069 908 264
1100 868 1167 907 enm
1195 849 1228 906 in

148 950 300 1010 Laconicis
322 949 412 1010 etiam
434 957 538 1010 contra
562 951 707 1012 librorum
729 952 935 1012 auctoritatem
964 950 1117 1011 damnavit
1137 955 1227 1030 atque

146 1053 220 1130 apud
242 1055 406 1113 Homerum
427 1052 546 1133 quidem
562 1053 754 1132 Apolloniam
775 1054 869 1114 secuti
888 1059 957 1112 sunt
971 1054 1169 1114 Buttmannus
1183 1071 1227 1127 gr.

146 1155 192 1215 (ir.
206 1157 232 1216 1.
252 1175 280 1234 p.
296 1161 345 1214 29.
378 1154 569 1216 Thierschius
587 1175 630 1230 gr.
648 1156 698 1216 Gr.
717 1175 746 1233 p.
760 1162 830 1217 338.
859 1156 1033 1234 Spitnnerus
1050 1156 1088 1215 ad
1106 1155 1139 1212 Z.
1156 1159 1227 1213 414.

145 1257 293 1318 Bekkerus
307 1257 485 1318 Kuehnerus
499 1280 527 1336 p.
539 1263 601 1317 462
618 1259 795 1330 Larochiua3
817 1258 990 1318 Dindorfius
1005 1258 1085 1318 solas
1104 1258 1137 1315 Z.
1153 1262 1223 1317 414.

148 1358 179 1418 θ.
194 1362 263 1420 178.
288 1359 326 1418 K.
342 1366 412 1420 446.
436 1351 515 1436 clude
535 1379 600 1420 anm
616 1361 766 1421 codicibus
789 1361 918 1422 exaudit.
961 1360 1007 1420 De
1028 1360 1151 1435 tragicis
1164 1361 1225 1420 for-

145 1469 220 1522 tasse
247 1463 327 1523 idem
353 1465 524 1540 ponendum
554 1471 616 1537 est;
646 1469 775 1524 ceterum
804 1465 836 1524 in
859 1463 975 1523 saeculo
998 1463 1103 1542 quinto
1124 1482 1226 1524 veram

144 1566 287 1626 rationem
314 1567 428 1626 formae
455 1565 516 1626 iam
543 1566 744 1626 oblitteratam
772 1567 863 1626 fnisse
890 1571 980 1646 atque
1001 1584 1138 1644 asperam
1165 1566 1226 1627 lani

145 1667 264 1728 cessisse
285 1668 381 1748 accipi
402 1673 514 1746 potest,
547 1687 634 1749 quem
662 1669 829 1748 explicandi
856 1669 974 1728 modum
998 1668 1145 1748 quispiam
1166 1671 1227 1730 for·

145 1771 218 1830 sitan
240 1770 426 1849 praetulerit
469 1772 579 1832 Tamen
601 1792 708 1834 vereor
736 1777 769 1832 ut
789 1771 895 1831 merito
917 1771 1085 1831 Ellendtius
1112 1771 1226 1833 inlex.

145 1873 277 1951 Sophocl.
296 1875 320 1933 1.
344 1894 372 1951 p.
385 1879 435 1932 99.
465 1873 609 1934 Doricum
631 1865 707 1950 ἇμός
736 1877 766 1933 et
788 1874 921 1934 Atticum
943 1865 1019 1948 ἆμὸς
1042 1873 1227 1949 distinguens

144 1975 347 2036 Blomfieldum
361 1976 579 2054 vituperaverit
593 1976 664 2057 quia
677 1977 896 2037 inconsiderate
907 1977 1014 2036 Aesoh.
1025 1975 1105 2052 Sept.
1123 1997 1152 2035 v.
1164 1981 1225 2036 413

145 2077 223 2154 (417.
241 2077 332 2139 Dind.
350 2077 433 2138 euius
454 2079 498 2140 ed.
516 2079 553 2138 V.
569 2079 653 2138 Post.
679 2079 820 2140 scenioor.
846 2085 963 2139 secutus
984 2099 1089 2140 versus
1111 2099 1228 2157 semper

144 2179 251 2259 indico)
274 2172 352 2256 ἆμὸς
368 2185 472 2241 contra
485 2181 629 2240 disertum
644 2181 820 2242 scholiastae
842 2182 879 2240 ad
898 2183 930 2238 Z.
943 2186 1003 2242 414
1024 2182 1228 2242 testimonium

145 2283 316 2360 scripsisset.
361 2283 455 2343 Plane
476 2290 575 2343 autem
597 2285 700 2344 eadem
722 2285 896 2345 condicione
917 2283 1012 2343 utitur
1033 2285 1129 2344 forma
1151 2275 1228 2359 ὑμᾶς

144 2405 216 2465 quae
242 2385 339 2446 solum
367 2390 453 2446 extra
473 2385 614 2447 Doridem
643 2389 721 2466 apud
743 2388 907 2447 Homerum
934 2391 965 2446 et
993 2388 1071 2464 apud
1097 2387 1226 2463 tragicos

143 2493 244 2548 exstat.
290 2489 461 2548 Dorismum
476 2507 546 2564 ergo
563 2489 614 2570 qui
629 2489 739 2549 dicitur
751 2490 817 2548 iure
835 2490 872 2548 sb
887 2489 1047 2548 Homerica
1061 2488 1227 2550 elocutione

142 2591 252 2666 puriter
275 2595 366 2670 atque
388 2611 406 2650 a
426 2591 608 2666 trogmorum
629 2591 830 2654 divortiorum
852 2611 987 2651 sermone
1009 2591 1140 2652 alienum
1159 2613 1227 2652 oon·

142 2694 297 2754 tendimus.
341 2694 507 2754 Ahrensius
522 2695 640 2774 quidem
656 2695 688 2754 in
711 2713 832 2770 gramm.
856 2693 882 2774 ξ.
896 2699 944 2753 39.
961 2715 990 2753 n.
1006 2701 1033 2753 6.
1051 2716 1080 2772 p.
1099 2696 1136 2754 37
1157 2696 1228 2756 olim

143 2795 264 2856 Aeolios
285 2795 463 2872 pronomina
484 2797 562 2857 sicut
583 2790 677 2873 ἄμμες
699 2789 772 2872 ὔμμι
795 2788 873 2872 ἄμμε
895 2789 989 2872 ὔμμες
1016 2798 1106 2858 etiam
1130 2790 1228 2874 ἅμμος

144 2903 172 2958 et
192 2890 291 2975 ὔμμος
313 2899 425 2976 scripta
445 2900 498 2958 sed
518 2899 667 2959 tralaticia
693 2900 822 2959 lectione
850 2900 1021 2960 oblitterata
1043 2919 1108 2960 esse
1130 2902 1226 2978 auspi-

144 3006 223 3061 catus
254 3006 315 3074 est,
346 3002 424 3080 quod
453 3021 550 3081 neque
576 3001 717 3082 antiquae
746 3003 977 3080 orthographiae
1006 3023 1068 3062 mos
1092 3008 1176 3064 vetat
1197 3009 1228 3062 et

143 3109 267 3181 possunt
287 3104 411 3164 suadere
431 3103 509 3163 lenis
531 3109 561 3164 et
576 3104 703 3182 duplicis
723 3105 842 3164 litterae
856 3127 877 3181 μ
892 3105 1020 3180 vestigia
1034 3125 1109 3186 quae
1131 3106 1163 3164 in
1180 3125 1227 3165 ao·

144 3205 256 3266 dicibus
277 3207 436 3282 adparent;
458 3207 510 3266 sed
532 3213 664 3285 praestat
685 3227 749 3267 rem
771 3227 836 3266 cum
861 3206 1081 3268 Graefenhaaio
1103 3229 1225 3284 gramm.

144 3308 209 3368 dial.
224 3309 300 3387 apio.
317 3329 345 3386 p.
358 3313 399 3367 42
421 3310 454 3368 in
476 3329 618 3388 suspenso
633 3310 811 3390 relinquere.
856 3311 1058 3370 certissimum
1079 3311 1184 3392 utique
1197 3317 1228 3372 et
1310 3305 1312 3310 ’

143 3411 322 3470 tutissimam
347 3412 466 3472 videtur
493 3412 627 3490 accipere
653 3404 728 3488 ἁμὸς
755 3432 849 3493 aeque
876 3435 914 3474 ex
935 3414 1037 3474 Attiou
1064 3419 1094 3472 et
1122 3415 1227 3474 lonioa

144 3519 242 3573 vetere
264 3514 356 3590 poesi,
379 3515 457 3593 quod
480 3515 516 3574 de
537 3507 596 3573 deal
617 3516 772 3593 probabile
793 3521 853 3589 est,
876 3521 1025 3578 servatum
1046 3535 1120 3575 ease.
1143 3549 1184 3560 -

227 3617 259 3694 5)
281 3617 386 3694 Inepte
397 3617 494 3677 'schol
509 3617 544 3677 P.
559 3619 596 3677 ad
612 3638 640 3693 η.
656 3624 683 3691 8,
700 3624 718 3675 9
736 3613 894 3695 Ἀπειραίη
909 3619 1053 3698 Δωρικῶς
1067 3618 1116 3678 vel
1127 3615 1227 3677 Αἰολι·

144 3717 202 3788 κῶς
228 3737 283 3796 pra
309 3709 503 3797 Ἠπειρωτικὴ
523 3720 652 3798 positum
680 3721 730 3780 sed
751 3712 853 3791 Ἰακῶς
880 3727 1048 3800 correptum
1076 3740 1140 3780 esse
1163 3721 1226 3798 opi-

144 3825 304 3880 natusest.

227 3925 259 4002 6)
281 3925 355 3983 (lam
368 3924 450 3982 Iadis
471 3925 653 4002 proprietate
674 3933 788 4003 pugnat
802 3925 949 4002 particula
970 3917 1027 4000 μάν
1047 3943 1135 4005 quam
1150 3925 1226 3984 Belr·

145 4025 229 4084 karus
245 4031 417 4086 constanter
434 4026 652 4099 exterminavit,
677 4028 715 4086 af.
734 4029 833 4087 ached.
854 4030 942 4087 Hom.
959 4029 982 4087 1.
1005 4049 1033 4105 p.
1049 4034 1098 4088 62.
1123 4028 1226 4088 Fried-

144 4123 270 4188 leander.
293 4129 325 4188 in
340 4129 440 4190 Iahnii
462 4149 532 4190 ann.
547 4151 574 4191 v.
594 4131 642 4188 79.
662 4149 690 4206 p.
705 4131 776 4190 823.
804 4133 921 4209 Kayser
934 4131 966 4189 in
982 4128 1091 4190 Philol.
1106 4130 1224 4190 XVIII.

145 4247 172 4304 p.
189 4231 259 4290 672.
302 4231 360 4291 Hic
386 4232 482 4307 igitur
509 4233 619 4291 formas
642 4224 701 4306 poio
730 4233 827 4313 quam‘
843 4222 934 4293 soliol.
959 4233 1037 4292 Viot.
1059 4232 1096 4291 ad
1122 4234 1223 4292 Ο.16.

146 4329 277 4394 Eustath.
300 4353 328 4411 p.
346 4339 418 4408 691,
441 4341 480 4393 46
509 4334 648 4395 Doricam
669 4341 895 4416 nuncuparunt,
924 4327 984 4412 priv
1012 4330 1066 4410 μὲν
1089 4336 1167 4418 quod
1191 4335 1225 4398 in
1300 4349 1302 4354 '
