3114 4994
706 479 768 544 155

192 654 298 696 norma
311 636 406 695 fretus
421 635 606 696 oblitterosit
616 634 655 712 ⁷).
689 634 737 694 Sio
751 634 947 694 elemosinam
961 633 1111 696 Attioismi
1125 637 1281 712 turturem,

194 739 250 798 etsi
265 737 408 798 leotionee
422 737 495 797 estis
508 736 638 798 munitas
651 737 785 810 retinuit,
799 755 862 796 una
874 755 940 797 oum
953 743 1146 814 praeoeptere
1157 738 1281 798 lonismi

193 838 410 898 studiosissimo
428 837 553 898 indubie
568 838 783 898 Aeoliemornm
799 837 1026 898 Homerioorum
1045 840 1174 918 spatium
1196 840 1281 900 artis·

194 941 278 1000 simis
304 940 443 1001 oauoellis
472 940 662 1016 descripsisse
689 938 749 998 iem
772 939 888 1000 Giesius
909 960 939 1016 p.
960 945 1019 1000 160
1043 940 1282 1002 connumeravit

280 1042 391 1101 Verum
414 1023 496 1100 'enim
525 1061 597 1102 vero
626 1040 693 1100 aliis
718 1041 902 1102 Homerus
926 1042 1047 1101 fuisse
1074 1042 1282 1103 Aeolensis

194 1143 323 1220 Smyrna
337 1144 478 1202 oriundus
498 1143 549 1204 vel
570 1148 697 1202 ematre
710 1143 841 1200 Cumana
861 1147 950 1202 natus
962 1144 1045 1204 risus
1064 1143 1159 1222 οεοῦ).
1199 1142 1283 1208 Quae

195 1251 293 1319 autem
316 1245 464 1304 sententia
484 1244 614 1305 Pindaro
636 1243 830 1304 Stesimbroto
853 1244 961 1304 Thasio
981 1244 1049 1304 aliis
1069 1245 1199 1306 maxime
1219 1245 1282 1322 pla·

195 1347 342 1426 onerat0),
358 1365 423 1406 essu
434 1345 617 1417 Hellanicus,
633 1345 976 1420 AgathoalisZenodotei
991 1346 1152 1424 disoipnlus
1167 1345 1284 1408 celeber

195 1447 404 1524 grammnious
424 1447 649 1526 Aristarohique
671 1447 856 1508 adversarius
877 1448 1045 1522 auerrimus,
1068 1448 1152 1508 ouius
1172 1465 1282 1508 meno·

194 1550 269 1608 riam
291 1550 328 1608 ab
344 1548 494 1610 oblivione
508 1548 643 1608 Sturrius
659 1548 832 1621 vindiderit,
854 1549 1032 1627 adripuerat
1076 1551 1106 1610 le
1120 1549 1201 1609 enim
1217 1569 1282 1610 oum

196 1652 358 1728 Odysseam
387 1653 423 1710 ab
454 1651 586 1710 Homero
614 1651 763 1711 eonditum
793 1669 857 1710 esso
886 1652 1008 1726 negavit
1036 1655 1100 1729 tum
1127 1650 1161 1710 in
1189 1651 1283 1710 Iliada

194 1753 294 1829 plures
322 1751 489 1812 Aeolismos
515 1753 656 1812 odoratus
684 1757 743 1825 est,
775 1771 954 1832 quamquam
982 1752 1135 1813 Dorismos
1164 1770 1283 1833 quoque

196 1855 273 1915 siout
293 1850 407 1928 οηιιος
425 1855 463 1912 u.
480 1832 550 1913 uos.
573 1854 622 1932 (ef.
642 1854 733 1914 senor.
755 1854 844 1930 vio.)
867 1854 1088 1931 saeuorum„
1109 1855 1189 1943 quoe
1210 1873 1282 1914 vero

196 1957 358 2016 suanus
379 1956 434 2015 ll.
454 1960 530 2028 208,
559 1955 676 2032 (Lehm.
698 1959 749 2013 Ar.
771 1973 800 2030 p.
819 1955 893 2030 612)
921 1973 988 2013 eum
1019 1972 1121 2014 omnes
1142 1955 1284 2017 dialectos

195 2058 353 2134 ugnos-isse
366 2057 452 2129 dixit,
467 2058 499 2117 id
513 2075 711 2134 praepropere
727 2055 864 2131 ooulegit.
892 2056 981 2115 Hune
993 2055 1135 2116 Aeolismi
1149 2057 1284 2118 favorem

195 2161 296 2236 plures
318 2160 482 2219 adsertores
509 2159 649 2218 habuisse
671 2157 769 2218 elnoet
795 2177 812 2217 e
840 2157 1009 2218 testimonio
1037 2164 1142 2218 notatu
1163 2160 1283 2239 quidem

196 2261 369 2337 dignissimo
398 2261 449 2320 sed
478 2259 611 2320 tenebris
637 2260 710 2322 setis
738 2258 888 2320 involuto:
909 2251 973 2335 ’τὴν
1001 2253 1034 2318 dl
1064 2259 1184 2336 ποίησιν
1213 2256 1283 2320 doo-

197 2357 395 2441 γινώσκεσθαι
418 2354 498 2432 ἀξιοῖ
520 2354 668 2439 Ζώπυρος
690 2352 709 2421 o‘
731 2357 861 2439 Μάγνης
883 2358 1002 2420 Alollds
1024 2357 1179 2444 διαλέκτῳ·
1201 2356 1235 2422 τὸ
1257 2355 1285 2422 d’

197 2457 272 2524 orire*
298 2461 350 2523 οιαὶ
372 2463 553 2539 Δικαίαρχος
581 2466 619 2523 ab
641 2464 761 2523 Osauno
788 2465 821 2523 in
843 2465 954 2524 Aneod.
977 2464 1062 2525 Rom.
1084 2470 1149 2541 p.5
1171 2465 1284 2541 publici

197 2568 271 2627 iuris
291 2567 379 2640 fanto,
402 2567 435 2625 iu
457 2566 540 2625 ouius
555 2565 755 2642 disputatione
777 2586 806 2642 p.
821 2571 882 2626 280
898 2587 941 2646 sq.
963 2566 1058 2626 multa
1076 2586 1139 2626 non
1159 2572 1286 2642 possunt

197 2668 326 2747 probari.
370 2668 499 2732 Quinam
520 2667 566 2727 illi
586 2668 700 2728 fuerint
721 2668 774 2746 qui
786 2669 845 2726 hoo
859 2667 1000 2743 plaoitum
1015 2668 1204 2743 protulerunt
1217 2689 1285 2746 per-

197 2771 318 2831 diffioile
340 2775 388 2831 est
405 2770 442 2828 ad
458 2769 682 2830 deoeruendum.
725 2769 802 2828 Nam
822 2771 901 2848 quod
917 2769 1054 2830 Osannne
1069 2770 1284 2831 Dioaeerohum

197 2870 378 2932 Messeninm
411 2877 441 2932 et
470 2872 619 2950 Zopyrum
651 2871 822 2946 Magnetem
853 2890 921 2930 eum
950 2870 1102 2932 intellexit
1131 2873 1183 2954 qui
1216 2868 1284 2952 arpi

198 2969 339 3050 Μιλήτου
354 2972 475 3043 κτίσεως
497 2974 656 3050 seripserat
670 2972 794 3052 eiusque
809 2972 908 3049 operis
928 2972 961 3032 in
975 2971 1051 3032 libro
1067 2979 1172 3054 quarto
1187 2975 1284 3036 looum

198 3075 389 3137 Homerioum
411 3073 452 3150 (v.
473 3075 565 3136 solsol
584 3075 622 3133 K.
641 3075 716 3154 276)
737 3073 937 3151 tetigeratss)
959 3092 1086 3153 eumque
1107 3075 1285 3136 Aeolensem

197 3177 290 3238 tuisse
307 3181 390 3238 ratus
404 3178 441 3236 ed
456 3178 640 3254 Magnesiam
655 3177 806 3254 Lydiosm,
827 3195 889 3236 non
902 3177 940 3235 ad
955 3176 1139 3252 Magnesiam
1153 3177 1285 3238 Oarion

198 3299 274 3362 quae
294 3281 366 3340 urbs
392 3297 411 3337 a
431 3278 600 3338 Thessaliae
620 3279 811 3354 Magnetibus
837 3277 957 3337 uendite
983 3283 1016 3338 et
1039 3282 1109 3353 post
1130 3277 1285 3338 dissidium

198 3403 223 3442 a.
240 3383 299 3442 726
322 3401 340 3440 e
360 3380 524 3440 Cimmeriis
545 3381 655 3441 fautum
677 3400 695 3440 a
712 3381 837 3439 Milesiis
857 3380 996 3440 restituta
1016 3380 1094 3455 apud
1109 3379 1285 3440 Strabonem

198 3505 227 3562 p.
245 3482 367 3560 64712)
398 3485 429 3539 et
455 3481 488 3539 in
517 3481 604 3541 titulo
630 3481 800 3542 1.n.2910
829 3479 951 3542 Aeolion
978 3480 1074 3553 audit,
1105 3481 1284 3554 emandavit,

199 3584 381 3664 argumentis
402 3583 490 3644 valde
510 3582 637 3642 infirmis
665 3584 771 3644 nititur
796 3602 894 3663 usqne
922 3583 959 3641 ab
983 3580 1131 3658 opinionis
1161 3579 1285 3642 arbitrio

269 3722 295 3786 7)
313 3720 406 3770 Osann.
424 3719 469 3766 tt.
488 3734 513 3780 p.
526 3719 583 3766 286.

268 3805 295 3870 6)
311 3819 337 3853 v.
354 3803 567 3853 Pseudo-Herod.
588 3805 717 3854 66168.
740 3803 984 3852 Pseudo-Plutarch.
1002 3801 1052 3848 Vit.
1070 3801 1143 3848 Hom.
1161 3813 1181 3848 o.
1194 3803 1218 3850 2.
1244 3815 1285 3864 sp.

198 3894 329 3940 Westerm.
344 3892 434 3939 bauer.
446 3905 469 3951 p.
482 3889 590 3938 teo-9⁰.
610 3886 702 3936 Osann.
715 3903 740 3949 p.
753 3889 810 3937 282.
829 3887 934 3948 Sengeb.
948 3888 967 3935 1.
980 3887 1140 3947 pet-101.
1159 3885 1191 3934 11.
1205 3899 1230 3946 p.
1241 3886 1284 3934 dd.

268 3977 294 4041 9)
311 3992 336 4024 v.
355 3977 443 4024 brer.
461 3989 485 4036 p.
499 3975 609 4024 106-8.
626 3972 730 4034 dengeb.
741 3976 762 4022 1.
779 3989 805 4035 p.
819 3974 877 4022 166.
896 3974 953 4020 206.
979 3973 1011 4020 11.
1029 3983 1054 4031 p.
1067 3974 1089 4018 1.
1110 3971 1150 4020 lt.
1168 3973 1211 4020 20.

269 4061 312 4126 10)
332 4061 438 4121 sarab.
450 4062 469 4108 1.
487 4076 513 4124 p.
527 4063 568 4112 eo.
585 4061 678 4122 Bergk.
696 4060 743 4108 litt.
761 4058 805 4107 Gr.
822 4059 879 4106 hist.
897 4059 917 4105 1.
935 4072 961 4118 p.
972 4059 1031 4106 446.
1044 4058 1101 4106 861.
1120 4071 1144 4104 ιι.
1158 4056 1215 4105 teo.

269 4149 315 4206 11)
325 4146 466 4195 *remelius
483 4148 509 4195 in
525 4147 654 4207 Poulyana
671 4145 773 4206 Euoyol.
790 4160 817 4192 v.
828 4144 872 4191 vl.
891 4158 915 4204 p.
929 4141 994 4191 2622
1013 4141 1044 4190 de
1055 4142 1153 4204 Zopyro
1164 4141 1286 4204 nyonuo

199 4232 316 4280 historico
334 4233 443 4294 rogitare
459 4233 552 4280 maluit.

270 4319 312 4378 12)
330 4316 388 4364 ibid.
406 4317 455 4363 rol.
468 4317 510 4366 IV.
529 4332 552 4378 p.
568 4318 641 4366 1446.
