3092 4996
834 509 876 574 86

311 669 386 726 duae
401 667 518 728 vooales
531 687 607 748 qnae
622 673 707 726 erent
722 666 873 724 seiunctae
887 675 1066 724 oonourrent
1081 665 1114 724 in
1129 683 1281 744 unumque
1292 682 1395 722 sonum

311 775 504 830 eoneotentnr
517 771 567 830 rel
575 771 683 829 breves
696 767 927 842 amplifioatione
943 775 1116 842 augeantur,
1137 785 1228 846 quare
1243 765 1316 825 sutis
1330 783 1395 841 por·

310 871 445 946 spieunm
460 879 506 930 est
524 871 739 948 ineptissimam
752 869 1009 944 grammaticorum
1026 869 1063 927 de
1079 869 1198 928 dinami
1211 867 1260 928 vel
1272 867 1397 926 diaeresi

311 973 564 1049 diphthongornm
579 992 643 1031 esse
660 973 840 1048 opinionem.
885 973 1016 1030 Maxime
1032 970 1125 1046 igitur
1141 971 1215 1030 haee
1227 970 1260 1028 in
1275 970 1397 1030 Aeolide

311 1075 420 1135 usitata
433 1074 526 1134 fnisse
542 1075 669 1134 traditm
684 1076 763 1153 qnod
783 1079 973 1151 praeoeptnm
989 1074 1166 1134 oonfirmant
1185 1073 1324 1148 exempla
1339 1089 1398 1131 ser·

310 1185 388 1236 vata
431 1177 529 1236 Multa
537 1183 635 1238 antem
651 1176 858 1256 antiquissimo
868 1183 1003 1253 tempore
1012 1175 1046 1234 in
1062 1175 1204 1252 stirpibus
1219 1175 1398 1234 exeuntibus

312 1280 474 1356 spirantem
491 1280 620 1359 aliquem
640 1279 820 1351 habueram,
847 1281 885 1337 ad
909 1297 998 1357 quam
1015 1277 1240 1337 terminationes
1261 1295 1281 1334 a
1303 1275 1399 1335 reonli

312 1381 492 1458 incipientes
507 1381 690 1452 adieiuntnr;
713 1401 789 1461 quae
804 1401 870 1440 oum
884 1389 989 1457 postea
1005 1380 1183 1451 ντττιοὶοοοί,
1205 1379 1305 1438 hiatum
1319 1383 1399 1438 ortus

313 1489 359 1542 est
372 1484 453 1542 inter
468 1485 541 1542 duas
555 1483 682 1556 sodales,
706 1501 782 1563 quae
796 1502 958 1560 progressu
971 1482 1114 1560 temporis
1130 1481 1264 1539 edilium
1285 1480 1399 1541 annn-

313 1586 383 1643 dum
395 1585 628 1645 eontraotionem
640 1585 828 1646 sustinebant
838 1586 888 1661 (of.
904 1576 1054 1660 Ἀτρεΐδας
1069 1603 1124 1660 pro
1141 1574 1314 1656 'Arpst'doc
1329 1574 1400 1650 πάϊς

315 1707 370 1762 pro
386 1688 482 1756 aoFac
505 1688 586 1747 Onrt.
601 1708 629 1764 p.
642 1689 704 1745 ato
722 1680 773 1755 ἐΰς
789 1705 844 1764 pro
861 1683 959 1756 ἐσ-υς
973 1689 1053 1748 Gurt
1070 1707 1098 1763 p.
1113 1692 1173 1745 851
1194 1675 1264 1754 dtu
1280 1703 1335 1761 pro
1349 1681 1400 1742 du·

315 1791 367 1858 Fae
388 1790 468 1849 θοή.
491 1809 521 1866 p.
543 1793 602 1848 217
626 1790 704 1865 ete).
756 1790 863 1868 Itaque
891 1789 1023 1866 syllabae
1046 1790 1079 1847 in
1104 1789 1213 1868 quibus
1236 1785 1399 1846 eontraotio

315 1893 447 1950 nondum
464 1893 544 1952 faeta
560 1898 606 1951 est
628 1891 812 1970 antiquiores
831 1892 990 1951 eontraotis
1007 1897 1078 1951 sunt
1103 1909 1201 1970 neque
1223 1889 1314 1948 ullius
1339 1889 1400 1947 die·

314 1993 384 2052 leoti
412 1995 626 2070 proprietatem
652 1994 794 2052 redolent
846 1992 945 2056 Quare
973 2011 1069 2070 paene
1092 1981 1238 2052 mirabile
1252 1997 1298 2050 est
1321 1991 1401 2050 diotu

314 2096 395 2174 quod
406 2097 587 2156 recentiores
598 2097 632 2154 in
643 2095 811 2154 Homericis
819 2094 999 2156 earminibus
1010 2095 1156 2155 diaeresin
1172 2100 1277 2171 utpote
1293 2090 1401 2166 ἰδίωμα

315 2194 454 2266 Αἰολίδος
470 2199 627 2257 admissam
642 2217 706 2256 esee
723 2198 913 2257 erediderunt
927 2199 1069 2270 Fostepus
1083 2215 1129 2274 ep.
1150 2197 1286 2272 Burgess.
1300 2215 1330 2271 p.
1340 2199 1399 2252 898

315 2301 349 2357 Ε.
365 2301 401 2358 R.
417 2300 548 2376 Longius
562 2299 594 2360 in
610 2299 718 2358 Philoi.
736 2300 788 2357 IV.
806 2320 835 2375 p.
848 2300 908 2358 707
933 2300 1089 2376 anpfius
1103 2299 1136 2358 in
1152 2301 1238 2358 Iahn.
1257 2315 1326 2355 ann.
1343 2296 1400 2356 vol.
1526 2323 1527 2364 3

317 2406 367 2460 81.
382 2422 410 2478 p.
424 2407 494 2474 581,
512 2402 564 2482 qui
580 2403 613 2460 in
629 2394 701 2469 νιοὶϊς
717 2408 748 2460 et
764 2394 815 2470 ἐΰς
832 2402 977 2460 diaerenn
994 2421 1013 2460 a
1027 2403 1167 2460 Bekkero
1182 2401 1215 2458 in
1232 2399 1326 2460 ultera
1342 2399 1402 2460 edi·

315 2504 398 2563 tione
415 2511 564 2582 perentam
577 2510 700 2580 propter
715 2504 832 2582 reliqua
846 2504 1010 2562 oertissima
1026 2503 1167 2562 Aeolismi
1184 2501 1313 2576 vestigia
1326 2519 1402 2561 eom·

317 2607 457 2664 mendane
475 2627 536 2664 non
552 2607 715 2678 dubitavit,
747 2625 925 2685 quamquem
947 2607 1037 2666 etiem
1059 2606 1138 2681 apud
1159 2605 1277 2663 Ionioos
1299 2609 1403 2680 poetas

316 2705 528 2768 Arehiloohum
551 2709 683 2788 reliquos
708 2709 855 2784 elegiaoos
879 2714 910 2766 et
934 2708 1163 2784 iambographos
1192 2725 1227 2765 ea
1256 2707 1403 2782 reperitur

318 2815 407 2887 atque
423 2816 487 2869 tota
502 2813 551 2870 Ias
563 2811 748 2888 syllabarum
764 2829 826 2869 non
848 2815 1064 2869 contractarum
1082 2828 1199 2886 semper
1220 2809 1280 2868 fnit
1303 2827 1402 2868 emen·

317 2909 443 2981 tissima;
464 2913 523 2972 iem
539 2913 758 2972 Alexandrinos
769 2912 916 2972 diaeresin
928 2913 1000 2991 qnia
1014 2911 1164 2971 Aeolieam
1175 2910 1404 2982 existimassent,

195 3031 203 3045 ·
321 3011 546 3088 diligentissime
575 3015 687 3089 fugisse
717 3015 873 3074 adnotavit
908 3016 1060 3092 Kayser-us
1087 3015 1122 3072 in
1150 3014 1258 3072 Philol.
1285 3013 1402 3074 XVIII.

319 3135 347 3190 p.
362 3115 432 3187 7⁰8,
455 3136 543 3194 quem
558 3116 623 3193 ipse
639 3137 667 3193 p.
681 3121 850 3176 eoo-663
863 3137 925 3177 non
936 3119 1014 3176 bene
1025 3117 1202 3193 repudiavit.
1246 3117 1323 3174 Nam
1339 3115 1403 3174 iure

320 3217 477 3276 Bekkerns
489 3218 520 3276 in
537 3219 751 3296 patronymiois
761 3219 887 3299 aliisque
896 3219 1050 3279 venabulis
1062 3237 1187 3297 quorum
1202 3217 1405 3294 diphthongus

320 3323 493 3406 oonptanter
511 3319 544 3377 in
561 3321 660 3380 thesin
684 3320 790 3380 incidit
811 3323 884 3380 duas
907 3322 1166 3398 monophthongas
1186 3319 1304 3379 vocales
1321 3335 1405 3395 prse-

319 3422 397 3482 tnlit.
454 3425 496 3481 At
521 3423 559 3480 ad
591 3423 746 3503 antiquum
776 3423 939 3483 Ionismnm
963 3443 1012 3483 res
1037 3422 1187 3499 relegetur
1217 3437 1338 3481 neeesse
1361 3425 1406 3482 oet

319 3524 360 3601 (v.
385 3524 494 3599 Bergk.
518 3523 587 3582 hist.
607 3523 663 3584 litt.
687 3545 715 3602 p.
736 3527 805 3584 870.
833 3547 862 3584 ο.
887 3525 966 3602 188).
986 3558 1026 3569 -
1057 3526 1164 3604 Neque
1188 3523 1330 3584 Boeotioe
1356 3528 1406 3582 eut

322 3626 445 3686 Aeolion
463 3625 585 3703 dielysis
604 3644 691 3704 quam
709 3627 893 3702 grammatici
911 3629 1011 3686 minus
1034 3627 1166 3686 adoumi
1184 3627 1221 3684 ed
1237 3643 1328 3685 voees
1343 3625 1405 3684 Ho-

322 3729 446 3788 merieas
473 3729 671 3788 admovebant
699 3730 819 3788 maioris
843 3735 888 3790 est
916 3730 1023 3806 pretii3
1058 3730 1100 3789 sio
1125 3729 1208 3788 Euat
1226 3748 1254 3805 p.
1268 3731 1341 3800 954,
1366 3731 1403 3785 53

321 3832 361 3906 (v.
379 3831 510 3890 Lobeek.
533 3831 612 3906 path.
633 3831 668 3888 el.
686 3831 726 3888 II.
744 3850 772 3906 p.
788 3831 840 3908 78)
858 3839 888 3892 et
904 3833 995 3894 sohel.
1017 3831 1052 3891 V.
1069 3833 1106 3891 ad
1125 3831 1163 3888 Ν.
1179 3834 1241 3888 885
1259 3848 1299 3888 ex
1306 3820 1407 3897 Ἴωνες

322 3931 495 3999 Βοιωτινῶς
512 3923 620 4016 Ἰάονες
639 3929 881 4008 transfiguratum
903 3953 969 3994 esse
993 3934 1215 3994 somniaverunt
1235 3949 1334 4010 neque
1351 3929 1407 3990 alie

322 4035 357 4092 de
379 4053 466 4094 oense
490 4026 590 4110 ῥοάων
608 4034 639 4090 Γ.
655 4038 680 4091 l.
705 4053 751 4110 ep.
777 4036 867 4095 schol.
883 4037 915 4096 Β.
935 4037 969 4094 V.
998 4029 1142 4104 Βοιώτιος
1159 4025 1179 4109 ἦ
1195 4025 1283 4108 φωνὴ
1305 4039 1336 4093 et
1360 4052 1405 4110 ap.
1462 4059 1465 4068 ⁴

322 4135 414 4195 sohel.
431 4137 456 4194 Ε
472 4137 509 4194 nd
524 4134 550 4194 d.
565 4141 623 4194 555
641 4134 778 4212 Λαέρταο
791 4132 958 4198 Βοιωτικὸν
972 4138 1057 4197 audit
1070 4155 1124 4214 pro
1136 4137 1239 4197 Ionieo
1251 4129 1405 4214 Aotprsm

325 4235 410 4312 Greg.
438 4237 569 4298 Corinth.
596 4236 622 4316 §.
636 4244 663 4298 2.
689 4261 716 4318 p.
735 4240 795 4298 577
836 4240 987 4300 Aeolioam
1020 4238 1165 4298 diaeresin
1187 4239 1224 4298 ed
1243 4236 1407 4298 Homerica

324 4329 487 4412 μελισσάων
504 4337 538 4397 Β.
553 4338 599 4398 87.
625 4333 809 4418 ἐρχομενάων
830 4342 864 4400 Β.
879 4347 928 4400 88.
950 4345 1085 4418 speetare
1103 4341 1214 4414 voluit,
1243 4341 1295 4400 sed
1312 4338 1404 4400 sohel.
