3092 4996
711 505 728 568 7

176 659 302 720 Αἰολίδα
318 667 526 735 revocaverat,
553 667 654 721 tamen
671 660 748 720 dixit
762 659 914 719 Aeolicam
930 658 1007 718 nihil
1022 659 1102 718 uliud
1118 679 1136 718 a
1151 661 1262 722 DorIoa

177 765 312 825 divisisse
327 783 415 843 quam
430 763 622 837 „Aeoliorum
635 761 668 822 in
677 761 780 822 Asiam
796 761 1095 836 commigrationem,
1113 767 1215 838 aperie
1231 769 1261 823 ei

175 867 329 946 antiquam
344 865 497 925 Aeolicam
517 869 547 923 ei
563 862 725 924 Asiaticam
743 883 907 938 agnoscens
919 861 979 940 ⁸²).
1022 864 1108 922 Inter
1126 863 1259 943 aliosii)

172 969 264 1028 latius
289 969 444 1048 fusiusque
473 967 509 1025 de
533 965 726 1026 dialeciorum
750 964 908 1044 principiis
930 964 1106 1038 Burgeseiue
1129 965 1261 1043 disputa·

173 1076 267 1131 verat.
311 1071 484 1130 Arbitratus
504 1069 598 1143 igitur
618 1087 715 1147 neque
738 1088 821 1128 suam
840 1067 946 1146 cuique
963 1065 1079 1140 regioni
1102 1067 1261 1127 dialectum

170 1173 324 1252 propriam
334 1192 398 1231 esse
408 1171 575 1230 habendam
588 1189 684 1251 neque
698 1176 822 1248 propter
836 1188 975 1243 magnam
984 1169 1065 1230 inter
1080 1189 1112 1228 ee
1127 1169 1257 1229 necessi·

172 1277 308 1334 tudinem
320 1291 498 1353 quamquam
508 1272 687 1347 singularem
700 1273 761 1334 ullo
773 1272 869 1332 limite
879 1290 967 1348 posse
978 1270 1189 1344 circumscribi,
1208 1291 1258 1332 eas

173 1377 359 1437 diversarum
378 1375 497 1449 linguae
518 1379 649 1436 aetatum
672 1375 784 1436 indicia
803 1394 867 1434 esse
886 1374 928 1452 (p.
942 1373 1028 1432 XVI.
1044 1373 1163 1432 XVIII.
1183 1374 1259 1451 899)

173 1477 216 1537 sio
232 1478 439 1555 pronuntiarit
454 1499 483 1556 p.
497 1477 572 1538 XV:
594 1478 757 1552 „Graecam
772 1476 906 1552 linguam
921 1475 1159 1556 antiquissimam
1177 1477 1257 1536 haud

171 1580 215 1639 ita
226 1581 372 1642 diuersam
383 1580 475 1639 fuisse
486 1585 517 1639 et
526 1582 655 1640 florente
665 1581 789 1640 Aeolica
802 1584 836 1639 ni
847 1583 951 1657 postea
960 1580 1124 1639 vocabatur
1135 1578 1257 1656 (intell.:

170 1688 225 1755 „A
252 1682 314 1743 sire
338 1683 480 1742 Doricam
505 1701 594 1762 quam
616 1682 817 1763 loquebantur
840 1680 958 1760 antiqui
981 1680 1109 1740 unisonei
1133 1680 1258 1741 Grueoi“

168 1804 197 1861 p.
214 1785 289 1862 406)
312 1785 444 1844 noudum
465 1785 517 1843 illo
540 1784 734 1846 dialeciorum
752 1783 924 1843 discrimine
938 1781 1129 1859 insignitam,
1155 1783 1257 1864 itaque

169 1887 301 1946 nondam
315 1886 438 1947 nomina
454 1871 613 1959 Aristono,
640 1879 756 1958 Ἰάδος,
782 1881 930 1954 ’Andidoc
950 1885 1130 1958 innotuisse,
1152 1907 1257 1948 verum

167 1989 256 2048 hosce
272 1988 414 2048 dialectos
429 1990 467 2047 ab
484 1988 693 2068 antiquissima
706 1989 810 2063 hugus
827 1991 858 2047 et
872 1988 978 2047 deinde
995 1988 1068 2046 adeo
1084 1989 1121 2078 pb
1134 1989 1258 2048 Aeolica

168 2092 318 2167 profectae
341 2095 372 2149 et
393 2089 524 2150 variatas
539 2086 635 2161 esee’';
664 2096 820 2168 praeterea
835 2089 990 2149 Aeolicam
1007 2088 1137 2148 Achaeis
1158 2090 1256 2150 vindi·

168 2192 248 2252 carit
269 2192 320 2271 qui
339 2191 493 2250 Boeotiam
511 2197 705 2268 occupassent
724 2197 755 2252 et
770 2192 804 2250 in
820 2190 964 2266 Argolide
987 2195 1018 2250 et
1033 2190 1166 2250 Laconia
1185 2211 1255 2251 con·

167 2293 316 2353 stitissent
331 2297 422 2372 atque
440 2313 506 2353 cum
522 2294 700 2353 Heraclidae
715 2294 864 2354 redissent
878 2293 911 2351 in
927 2291 1180 2368 Peloponnesum,
1202 2313 1254 2354 ex·

166 2394 247 2473 puisi
270 2394 304 2454 in
327 2394 445 2454 Ioniam
466 2394 516 2456 vel
539 2395 684 2455 Achaiam
708 2401 738 2455 et
758 2394 891 2455 Atticam
914 2393 1130 2468 confugissent,
1162 2413 1254 2474 quare

167 2517 270 2557 eorum
289 2515 385 2556 sermo
409 2515 477 2556 cum
498 2502 601 2558 vetere
624 2503 655 2557 et
669 2499 777 2558 Ionum
792 2494 1015 2571 Aeginiensium
1037 2502 1068 2556 et
1085 2497 1254 2558 Atticorum

165 2600 278 2674 lingua,
299 2599 381 2660 inter
395 2617 467 2678 quas
480 2598 641 2660 varietates
654 2620 715 2659 non
728 2600 875 2674 distinxit,
897 2599 984 2661 valde
995 2599 1153 2678 permistus
1166 2604 1254 2674 esset,

164 2722 292 2781 pergens
305 2702 405 2782 „quod
414 2702 523 2761 Aeoles
540 2701 616 2779 (scil.
628 2701 755 2777 Achaei)
770 2703 971 2774 incohassent,
992 2703 1082 2762 Iones
1098 2701 1150 2781 qui
1164 2708 1253 2762 anto

164 2805 273 2864 Aeoles
294 2803 328 2863 iu
343 2803 418 2863 Asia
433 2804 651 2878 consedissent,
680 2804 806 2864 ulterius
826 2803 1000 2882 provexisse
1017 2809 1052 2863 ut
1067 2803 1173 2863 Ionica
1188 2804 1251 2863 die-

21 2909 40 2938 *
163 2907 314 2966 lectus-
329 2906 416 2967 brevi
439 2907 559 2966 exculta
574 2906 727 2966 Aeolicam
741 2907 872 2968 vicinam
890 2905 923 2984 (i.
940 2925 964 2966 e.
984 2905 1160 2984 Asiaticam)
1180 2913 1250 2983 posi

166 3029 197 3067 se
213 3007 397 3087 relinqueret
409 3004 587 3071 intervallo''
603 3029 632 3086 p.
645 3013 716 3068 400.
729 3013 801 3068 401.
813 3013 884 3068 404.
928 3009 1036 3087 Itaque
1051 3009 1088 3067 de
1103 3006 1167 3066 eins
1182 3027 1250 3068 sen·

165 3110 261 3170 tentia
285 3109 449 3170 Asiaticam
474 3111 629 3171 Aeolidem
658 3112 697 3170 ab
720 3112 908 3170 Achaeorum
933 3109 1084 3170 Aeolismo
1111 3109 1249 3184 migratio

164 3233 226 3272 non
242 3212 371 3273 mutavit
387 3233 484 3294 neque
500 3215 585 3276 vario
608 3212 707 3273 colore
722 3212 837 3272 infecit.
878 3213 944 3271 Iam
961 3231 1051 3291 quam
1068 3213 1192 3272 confusa
1210 3213 1251 3272 sit

165 3314 313 3390 expositio
337 3319 368 3373 et
392 3321 536 3394 qnantum
558 3314 698 3375 Aeolicae
721 3313 841 3375 dialecti
865 3313 995 3374 nominis
1017 3315 1125 3374 abusus
1149 3315 1250 3376 valeat

163 3415 315 3486 ridemns3
343 3435 441 3495 neque
461 3418 560 3481 minus
580 3436 657 3497 qnae
679 3418 715 3477 de
736 3416 895 3477 Aeolismis
917 3415 1086 3476 Homericis
1108 3416 1249 3476 dissensit

163 3539 192 3594 p.
209 3521 282 3576 405.
299 3517 370 3576 407.
384 3517 479 3592 XVI,
504 3539 577 3599 quas
590 3520 751 3582 varietates
767 3518 909 3599 loquendi
925 3520 962 3578 ab
978 3518 1045 3578 aliis
1061 3520 1098 3580 ad
1115 3519 1247 3580 diversas

163 3620 305 3679 dialectos
325 3619 434 3677 relatus
457 3639 537 3693 „non
559 3621 644 3701 quasi
666 3643 705 3686 ex
719 3622 845 3684 dirersis
862 3620 988 3696 linguis,
1019 3621 1071 3682 sed
1088 3640 1126 3682 ex
1142 3620 1244 3680 incon·

162 3721 274 3782 stantia
300 3721 423 3798 linguae
446 3727 478 3780 et
502 3722 695 3786 dialectcrum
722 3718 916 3800 cognatione''
939 3728 1075 3804 repetere
1100 3723 1244 3796 voluerat,

230 3922 274 3988 sc)
291 3926 347 3974 vid.
364 3939 450 3973 comm.
468 3925 500 3971 de
516 3924 647 3974 Hellenist.
664 3942 689 3988 p.
700 3931 758 3976 412.
776 3931 836 3978 417.
852 3929 911 3977 cna.
929 3930 990 3976 428.
1006 3927 1065 3974 438.

230 4007 273 4072 33)
289 4009 483 4059 Dissertationes
499 4009 627 4070 Viteberg.
644 4025 684 4072 ap.
701 4013 799 4061 Fabric.
816 4013 860 4060 VI.
877 4027 901 4073 p.
916 4014 964 4061 164
983 4011 1106 4059 laudatas:
1132 4010 1180 4060 Oh.
1197 4011 1243 4060 Th.

164 4094 319 4143 Schwartaiie
337 4097 368 4144 ds
379 4096 459 4143 musis
471 4095 637 4155 disiectorum,
655 4098 782 4156 speciatim
791 4098 940 4146 Graecarum
953 4098 985 4158 (a.
998 4097 1076 4158 1702)
1088 4100 1113 4144 et
1124 4098 1143 4143 1.
1153 4097 1243 4146 unes

160 4181 227 4229 beri:
245 4181 404 4243 ,suspiciones
420 4180 687 4230 historico-technlcas
704 4182 735 4230 de
752 4184 862 4232 dialectis
879 4181 980 4231 Graecis
1001 4196 1032 4230 ex
1048 4182 1244 4232 consideratione

159 4265 281 4326 originum
297 4266 518 4327 migrationemque
530 4265 680 4316 Graecarum
697 4269 824 4317 nationum
840 4266 964 4316 collectee'
981 4267 1014 4329 (a.
1029 4269 1105 4328 1709)
1122 4269 1242 4330 inspicere
1297 4265 1298 4268 ’

159 4365 207 4397 non
225 4351 301 4398 licuit.
