3092 4996
843 469 884 532 78

407 625 449 682 Π.
492 623 612 683 Voealie
632 644 653 698 η
673 624 751 682 nihil
773 626 896 701 praebet
917 629 1081 684 memoratu
1102 625 1225 700 dignum
1244 625 1311 682 οἱοὶ·
1328 625 1405 704 quod

322 726 505 800 grammatici
529 727 646 804 saepius
666 727 741 786 illud
764 727 917 786 Aeolicum
939 747 1003 786 eaee
1025 747 1079 804 pro
1102 748 1112 786 ι
1135 733 1322 786 monuerunt.

410 827 439 903 1)
463 831 569 905 Inepte
591 830 683 887 schol.
700 829 737 887 V.
759 823 872 904 πόληος
895 830 933 888 Φ.
952 835 1022 888 516.
1048 849 1103 912 pro
1132 822 1236 898 πόλιος
1257 827 1407 897 Αἰολικῶς

321 931 481 990 admissum
504 951 569 990 esse
590 931 701 1000 voluit;
723 931 835 990 ucilicet
854 925 965 1005 πόληος
985 937 1084 992 exstat
1104 952 1159 1009 pro
1179 923 1297 1006 πόλεῙιις
1318 936 1407 1011 atque

321 1034 359 1090 ad
388 1040 519 1092 veterem
550 1034 711 1092 Ioniumum
739 1039 853 1110 spectat
884 1035 924 1110 (v.
947 1035 1058 1094 Herod.
1083 1054 1115 1090 π.
1138 1027 1262 1112 ὄρθογρ.
1285 1053 1314 1110 p.
1332 1039 1408 1092 602:

325 1130 464 1212 Φωκήων
480 1136 515 1194 Β.
530 1137 599 1194 517.
623 1129 673 1194 dui
696 1137 750 1194 rod
764 1157 784 1210 η
807 1129 882 1194 κακοὶ
903 1127 973 1204 τοίς
987 1129 1131 1216 παλαιοιίς
1146 1127 1251 1204 Ἴωνας
1266 1126 1312 1204 οἷς
1327 1152 1409 1192 συνε-

321 1241 380 1315 χῶς
401 1236 538 1315 κέχρηται
561 1229 579 1295 ἆ
599 1233 724 1315 ποιήιης
746 1229 811 1298 οἷον
828 1232 964 1312 Ἀχιλῆος
980 1242 1017 1295 A.
1039 1244 1063 1296 l.
1087 1238 1217 1314 Βρισῆος
1232 1240 1269 1294 Α.
1284 1242 1357 1309 392,
1380 1243 1409 1296 et

321 1363 353 1400 π.
375 1341 447 1399 κλίο.
468 1333 553 1414 ὄνομ.
570 1341 611 1399 IL
630 1361 659 1416 p.
673 1342 749 1399 673:
779 1338 937 1416 βασιλῆος,
966 1331 1078 1414 ὁμοίως
1098 1334 1130 1397 δὲ
1158 1336 1208 1398 καί
1238 1331 1322 1414 παρὰ
1348 1343 1409 1408 τοῖς

321 1438 456 1522 ἄρχαίοις
478 1439 651 1514 Αἰολεῦσιν,
679 1443 712 1501 in
734 1443 842 1523 quibus
863 1445 890 1500 F
915 1443 1118 1502 anteoedeutie
1143 1441 1255 1501 vooalie
1282 1443 1408 1519 produc-

319 1548 435 1605 tionem
450 1545 562 1614 effecit;
580 1546 616 1603 de
627 1545 727 1604 Attico
739 1542 845 1620 οἰκῆος
855 1567 883 1604 v.
897 1545 999 1604 Gertn
1011 1546 1094 1604 stud.
1106 1545 1131 1602 I.
1147 1551 1175 1603 2.
1192 1545 1282 1620 214);
1305 1539 1408 1612 πόλιος

322 1655 421 1708 autem
443 1649 592 1708 recentior
612 1639 658 1704 est
677 1647 773 1706 forma
794 1652 826 1705 et
846 1647 951 1706 luniea
972 1653 1003 1707 et
1024 1647 1155 1706 Aeolica

410 1751 440 1826 2)
462 1750 576 1808 Herod.
598 1770 630 1808 π
652 1752 727 1806 uae.
743 1751 784 1808 Π.
807 1769 837 1826 p.
853 1755 914 1808 363
943 1751 986 1809 uio
1008 1749 1171 1826 disputavit
1198 1751 1235 1806 de
1259 1750 1407 1811 adiectivo

323 1846 465 1929 ιηλητήςε
495 1843 578 1921 ἄξιόν
606 1847 665 1909 ἐστι
693 1852 831 1927 ζητῆσαι,
861 1849 888 1909 εἰ
912 1843 946 1910 κδ
975 1843 1100 1926 νηληιὴς
1128 1844 1188 1910 dut
1216 1853 1271 1910 τοῦ
1298 1845 1409 1910 ἇλιιεῑν

322 1955 432 2036 γέγονε,
454 1949 488 2014 τό
511 1948 544 2011 δὲ
566 1947 674 2012 ιίλιτεῖν
695 1945 745 2012 δια
768 1955 822 2011 τοῦ
843 1957 857 2010 ῖ
877 1949 1035 2032 γράφεται,
1067 1953 1132 2023 πῶς
1152 1946 1185 2012 roi
1209 1947 1336 2029 νηληεής
1359 1945 1409 2012 deci

322 2062 409 2133 τοῦῆ
431 2049 592 2136 γράφεταις
615 2053 693 2115 ἔστιν
714 2044 770 2114 οὖν
791 2053 893 2124 εἰπεῖν,
916 2050 961 2114 ὅτι
979 2051 1092 2133 ἒιριίπη
1107 2053 1256 2126 Αἰολικός
1278 2051 1312 2115 vd
1334 2059 1348 2112 ῖ
1367 2052 1408 2124 εἰς

322 2156 355 2220 εἰ
377 2183 406 2236 η.
430 2153 526 2228 οὕτως
547 2151 604 2237 γαρ
625 2151 658 2216 εἰ
680 2150 797 2227 ιίκτῑνες
824 2155 874 2216 καί
902 2150 934 2216 εἰ
959 2151 1112 2232 ψιμύθιον
1140 2151 1191 2218 dud
1216 2159 1271 2218 τοῦ
1292 2180 1312 2233 η
1334 2178 1407 2234 προ·

323 2261 464 2340 φέρονται
492 2259 523 2319 οἱ
542 2257 670 2330 Αἰολεῖς.
714 2262 772 2320 Sed
786 2302 788 2308 -
801 2280 880 2320 nunc
907 2262 1017 2320 rectius
1045 2259 1203 2332 νηλείτιδες
1223 2260 1347 2335 legitur,
1378 2281 1406 2322 v.

298 2369 353 2426 ’0.
375 2367 409 2423 F.
429 2365 540 2424 Aineia
562 2365 600 2421 ad
621 2384 652 2420 π.
670 2365 741 2422 317.
764 2365 822 2422 ΙΠ.
845 2384 875 2440 p.
891 2369 939 2422 69.
973 2365 1101 2424 Lmen
1121 2384 1149 2440 p.
1170 2361 1270 2442 18415.

409 2469 440 2544 3)
462 2469 539 2525 Item
563 2459 719 2540 ἀνεκήκιεν
735 2467 775 2522 Η.
789 2473 859 2524 262.
884 2469 921 2522 Ψ.
938 2467 1007 2524 507.
1030 2466 1198 2544 explicatur
1217 2486 1249 2522 π.
1272 2469 1349 2524 ποθ.
1365 2467 1407 2524 Π.

325 2575 400 2628 13οι
423 2565 456 2628 ἐκ
473 2571 527 2627 τοῦ
541 2565 597 2626 xio)
609 2562 773 2644 πορεύομαι
788 2566 990 2650 διπλασιασμῷ
1005 2567 1090 2649 κικίφ
1106 2564 1157 2624 καί
1170 2569 1265 2648 τροπῇ
1277 2565 1408 2650 Αἰολικῇ

322 2675 389 2750 (pro
412 2665 531 2750 Ἰιονικῇ
559 2671 591 2728 in
613 2672 648 2728 E.
667 2671 709 2728 H.
730 2677 798 2743 103,
821 2677 878 2742 22,
908 2671 951 2730 eie
972 2676 1041 2747 poat
1060 2671 1188 2728 Ahrens.
1211 2689 1240 2747 p.
1257 2675 1307 2728 95.
1330 2691 1360 2728 n.
1380 2677 1406 2728 1.

323 2773 442 2852 scripsit
460 2773 614 2848 Lentzine)
637 2773 691 2830 τοῦ
713 2794 724 2830 ι
746 2770 787 2842 εἰς
807 2795 836 2849 η.
859 2766 943 2849 κήκιε
965 2793 986 2830 ε.
1000 2778 1071 2843 455,
1094 2773 1174 2851 quod
1195 2773 1248 2834 vix
1269 2780 1352 2832 recte
1375 2794 1406 2831 se

322 2879 423 2947 habet,
445 2881 543 2934 tamen
561 2876 707 2953 quomodo
729 2897 789 2936 vox
810 2884 881 2936 nata
902 2877 941 2934 sit
956 2875 1070 2944 nescim
1092 2875 1211 2934 Curtius
1229 2876 1348 2955 quidem
1369 2877 1405 2932 de

322 2987 412 3056 temp.
435 2987 465 3035 et
486 2978 563 3036 mod.
585 2998 615 3053 p.
629 2983 669 3034 90
691 2979 870 3040 intennvam
891 2980 1018 3038 formam
1038 2978 1123 3038 verbi
1146 2975 1200 3035 κίο
1221 2977 1354 3052 agnovit.

407 3081 440 3156 4)
462 3081 530 3138 Non
546 3079 634 3138 aliter
648 3081 825 3140 scholiastae
840 3083 903 3140 cod
915 3086 944 3140 A
957 3082 994 3138 ad
1011 3080 1047 3136 Π.
1062 3086 1131 3138 524.
1147 3078 1291 3153 κοίμησον
1305 3077 1405 3138 Αἰολι·

321 3175 376 3240 κᾶν
399 3174 463 3239 «ivri
485 3183 539 3238 τοῦ
560 3180 698 3256 κοίμιοον
717 3184 783 3242 fait.
827 3183 873 3240 De
894 3204 928 3242 re
949 3183 1123 3243 Schnetaiue
1143 3183 1181 3240 ad
1198 3183 1307 3240 Aeech.
1324 3184 1404 3259 Sept

320 3308 350 3344 v.
365 3292 393 3343 3.
416 3305 445 3360 p.
465 3288 522 3341 195
545 3285 619 3342 haec
639 3286 793 3346 adnotavit
814 3287 942 3359 ,,κοιμο”ιν
964 3286 1062 3363 sopire
1077 3283 1292 3362 antiquissimis
1313 3286 1404 3361 scrip

321 3388 437 3446 toribus
458 3394 492 3446 ut
507 3387 637 3447 Homero
659 3388 808 3446 usitatum
852 3388 961 3446 Poetea
980 3386 1167 3467 frequentius
1183 3385 1242 3445 fuit
1255 3386 1401 3460 κοιμίζειν.

321 3490 469 3548 Stauleine
490 3491 640 3550 Euatathii
663 3490 899 3550 observationem
919 3491 957 3548 ad
978 3487 1010 3551 Ξ.
1027 3496 1087 3548 236
1109 3489 1251 3560 laudavit,
1273 3489 1326 3568 qui
1348 3491 1403 3547 hoc

321 3610 440 3673 quoque
462 3592 607 3651 versiculo
629 3599 778 3664 nauseet,
809 3599 844 3652 nt
865 3612 915 3651 eos
938 3592 989 3670 qui
1011 3594 1157 3668 putabant
1184 3591 1306 3650 Aeulice
1326 3591 1402 3668 apud

319 3696 484 3754 Homerum
505 3693 651 3769 κοίμησον
672 3715 726 3770 pro
748 3693 885 3768 ιιοίμισον
905 3694 1018 3754 dietum
1039 3715 1104 3753 esee
1124 3695 1297 3752 refutaret.“

407 3798 438 3875 5)
460 3799 604 3856 Perverse
625 3798 722 3856 forma
743 3790 889 3872 ἐπήβολος
910 3794 937 3872 β.
955 3802 1015 3854 319
1039 3816 1127 3876 quam
1146 3797 1330 3874 Porphyrius
1350 3800 1402 3854 nt-

320 3899 411 3958 tieam
432 3900 566 3972 vocavit,
588 3900 709 3958 Aeolice
730 3918 784 3975 pro
806 3893 944 3972 ἐπίβολος
964 3920 1028 3958 ease
1050 3899 1218 3970 dicebatur,
1240 3919 1268 3960 v.
1288 3899 1362 3958 Ahr.
1378 3899 1401 3956 I.

322 4007 372 4060 95.
400 4003 507 4061 Christ.
529 4021 558 4078 p.
573 4006 624 4060 26.

245 4103 250 4112 “
407 4106 437 4160 ei
460 4105 593 4164 Invicem
610 4103 786 4162 Euetathiue
806 4123 835 4178 p.
854 4105 925 4176 697,
944 4110 984 4162 33
1007 4104 1084 4164 male
1098 4101 1187 4174 πῖιλοξ
1202 4102 1252 4179 (Θ.
1264 4104 1317 4180 47)
1340 4091 1399 4160 κατ’

322 4199 479 4286 ἐναλλαγὴν
502 4198 645 4279 Αἰολικὴν
666 4202 698 4263 ἐκ
720 4207 774 4263 τοῦ
795 4203 894 4280 πηδᾶν
915 4207 1077 4278 derivavit;
1106 4208 1157 4266 ead
1178 4208 1258 4264 inter
1279 4205 1399 4282 atii-pern
