3114 4994
799 447 862 513 154

287 627 376 687 quum
399 607 488 666 etiem
505 603 539 662 Θ.
554 605 615 664 878
639 605 774 664 ultimam
789 603 932 682 syllshsm
950 603 1033 662 vocis
1049 601 1250 680 προφανείσας
1264 603 1376 664 Dorico

287 729 389 782 mors,
418 708 469 788 qui
491 705 663 782 Hesiodo¹)
685 706 804 786 quidem
826 705 953 764 usitatus
976 705 1025 764 sed
1048 705 1086 764 sb
1107 704 1239 766 Homero
1261 705 1378 766 alienus

286 811 360 883 fnit,
391 813 558 885 correptum
588 807 665 867 sicut
686 807 874 866 Herodianus
901 807 941 883 (v.
961 807 1123 867 Duentser.
1145 806 1182 865 de
1203 807 1273 866 Zen.
1297 807 1374 868 stud.

168 905 172 913 ’
286 913 374 972 Hom.
388 933 416 989 p.
431 915 481 970 22.
502 915 571 969 144.
588 930 617 968 n.
631 908 672 986 2),
694 909 834 968 Boeotico
849 913 949 968 sutem
964 908 1013 968 vel
1027 908 1148 968 Aeolioo
1165 928 1253 988 quem
1269 909 1376 968 susdot

286 1016 433 1073 retractus
454 1017 593 1072 accentus
612 1008 645 1068 Θ.
661 1011 733 1070 470.
757 1002 821 1082 ἔας,
842 1009 943 1069 nescio
962 1029 1000 1068 sn
1016 1001 1100 1081 αὔας,
1122 1029 1176 1086 pro
1192 1003 1278 1084 ἠοῦς,
1300 1011 1375 1070 item

285 1113 429 1189 φλίψεναν
454 1114 587 1194 eliasque
608 1112 744 1173 Aeolicus
764 1114 875 1171 formes
898 1111 1057 1187 scripserat
1078 1116 1109 1170 et
1129 1131 1184 1188 pro
1205 1110 1375 1172 insolitiore

285 1218 382 1276 forms
394 1208 538 1292 μάρτυροι
550 1215 705 1289 vulgarem
718 1205 866 1290 μάρτυρες
878 1213 983 1292 utique
994 1211 1176 1289 praetulerat
1192 1213 1232 1290 (v.
1244 1213 1373 1274 Duentz.

285 1338 313 1396 p.
333 1322 381 1378 53.
404 1318 531 1378 Leroch.
551 1338 579 1395 p.
597 1315 672 1393 308)
683 1314 721 1391 3).
764 1315 842 1373 Eum
858 1319 957 1373 eutem
974 1315 1140 1373 Homerum
1158 1313 1274 1388 origine
1291 1316 1374 1374 Ioni·

284 1439 352 1480 oum
372 1420 513 1480 habuisse
534 1417 782 1478 verisimillimum
810 1422 865 1476 est.
907 1417 1021 1476 Eodem
1046 1416 1134 1476 αιοᾱο
1155 1415 1374 1493 Aristophanes

285 1523 450 1600 Byzantius
471 1521 503 1579 in
534 1521 619 1581 veris
638 1519 766 1578 lectione
792 1518 930 1592 eligenda
956 1517 988 1576 in
1014 1518 1184 1577 lonicorum
1210 1519 1375 1578 formarum

286 1623 413 1700 metiens
430 1621 653 1693 &iudicaverat
673 1620 751 1702 quod
766 1620 833 1679 lnce
851 1619 959 1678 clarius
973 1619 1081 1678 docent
1096 1619 1242 1698 scriptum
1253 1618 1373 1680 Rhisno

285 1743 406 1806 quoque
427 1723 571 1796 Cretensi,
593 1722 800 1782 Eratosthenis
821 1721 989 1801 eequsli4),
1013 1722 1139 1800 probate
1160 1717 1297 1778 εἴνυσθαι
1317 1741 1372 1799 pro

284 1821 430 1886 ἕννυσθαι
445 1823 468 1898 ξ.
483 1830 553 1884 222.
574 1830 604 1884 et
620 1823 737 1902 saepius
756 1822 805 1898 (ci.
824 1819 1001 1881 ἐπείνυσθαι
1016 1841 1063 1901 sp.
1079 1804 1191 1882 Herod.
1209 1823 1262 1882 IV.
1279 1842 1305 1882 c.
1318 1823 1372 1901 64)

284 1927 420 2008 chaoque
448 1928 484 1986 de
515 1927 621 2006 quibus
650 1913 821 1985 conferendi
852 1930 921 1984 sunt
945 1924 1096 1984 Nsuchius
1119 1923 1211 1986 Arist.
1232 1924 1305 2002 Byz.
1332 1925 1371 1984 fr.

283 2051 312 2107 p.
331 2033 380 2088 33.
396 2030 445 2088 47.
468 2029 594 2088 Laroch.
617 2050 646 2108 p.
663 2033 713 2087 48.
736 2061 778 2074 -—
800 2026 894 2086 Paulo
911 2025 999 2084 aliter
1013 2026 1204 2086 Aristarchus
1226 2027 1297 2102 egit,
1320 2026 1372 2105 qui

284 2136 403 2208 poetam
425 2151 486 2190 non
507 2131 653 2190 Ionicum'
670 2131 721 2190 sed
743 2129 959 2189 Atheniensem
979 2127 1071 2186 fuisse
1098 2133 1129 2186 ot
1148 2127 1229 2187 inter
1250 2127 1372 2188 colonos

283 2233 316 2292 in
337 2233 441 2292 Asism
461 2221 604 2306 migresse
632 2251 806 2310 persuasum
833 2231 940 2290 habuit
967 2249 1034 2290 oum
1054 2229 1212 2304 theagene
1233 2229 1371 2305 Rhegino

283 2335 473 2394 consentiens
484 2335 523 2413 5),
546 2352 637 2416 quere
659 2353 720 2393 non
736 2333 831 2392 solum
851 2337 886 2392 ut
900 2351 965 2390 eem
987 2330 1184 2410 suspicionem
1198 2329 1373 2391 defenderet

283 2436 554 2496 constructionibus
570 2435 740 2495 Atticorum
757 2433 984 2494 consuetudines
1005 2432 1204 2493 referentibus
1225 2433 1370 2493 timendis

283 2538 423 2597 adcurate
450 2537 588 2624 adtentus
616 2537 675 2595 fuit
696 2536 873 2616 Atticssque
898 2554 987 2614 quem
1015 2534 1157 2611 plurimes
1185 2536 1295 2596 formes
1322 2555 1369 2594 re·

283 2638 419 2716 cepit⁶),
441 2639 600 2698 sedetiam
622 2639 808 2699 severissime
830 2637 1011 2718 insplitiores
1035 2636 1227 2696 dialectorum
1247 2637 1370 2728 formes,

284 2739 444 2818 praecipue
459 2741 605 2814 Aeolicus,
626 2741 805 2819 ubicumque
826 2740 913 2798 licuit
930 2738 1068 2813 analogia
1086 2743 1190 2817 utpote
1206 2739 1371 2798 iustissime

350 2925 378 2985 2)
395 2923 427 2973 cl.
444 2913 540 2988 τροπᾶς
563 2923 658 2989 sociob:
681 2912 774 2991 βουλᾶς
795 2919 891 2990 (crisie
907 2925 940 2972 th.
955 2927 1012 2974 621.
1038 2940 1086 2974 sec
1103 2921 1248 2988 Herodian.)
1266 2923 1315 2972 slis
1331 2938 1370 2985 sp.

287 3011 448 3058 llstthiseum
464 3024 501 3069 gr.
520 3009 563 3057 Gr.
581 3009 606 3070 §-
619 3009 659 3059 68.
676 3024 701 3070 p.
717 3013 775 3060 186.
803 3009 937 3070 (loetiling.
954 3007 1013 3058 Hes.
1034 3023 1071 3071 pr.
1090 3023 1114 3071 p.
1128 3007 1233 3056 XXXII.
1255 3007 1370 3057 bleineks

287 3095 355 3142 sunl.
373 3096 445 3142 Alex.
463 3109 487 3154 p.
501 3093 558 3144 208.
584 3095 689 3142 Absens
708 3095 822 3143 demist
839 3109 863 3156 p.
878 3098 918 3144 74.
942 3095 1127 3144 Foerstemmn.
1145 3094 1175 3142 de
1192 3093 1249 3140 disl.
1268 3090 1369 3142 Hesiod

282 3194 305 3226 o.
316 3178 360 3226 IV.
384 3179 442 3226 1161.
459 3177 516 3226 Sex.
536 3181 609 3228 1868.

353 3261 380 3326 8)
398 3263 428 3309 V.
447 3262 613 3312 Grselenhsn.
630 3265 646 3310 l.
660 3265 678 3312 l.
696 3265 717 3310 1.
734 3279 759 3326 p.
773 3265 832 3312 642.
866 3266 931 3314 llsle
950 3265 1008 3314 lecit
1025 3265 1148 3312 Ameisius
1164 3264 1217 3324 po
1240 3263 1306 3324 quod
1330 3263 1371 3310 hic

283 3348 399 3396 Aeolicus
412 3346 538 3409 Odysseae
556 3349 670 3396 editionis
686 3349 757 3408 qussi
774 3363 790 3396 s
806 3349 911 3397 dialecto
929 3350 964 3398 sic
981 3353 1069 3409 vocsts
1085 3353 1152 3397 esset
1166 3347 1317 3394 mentionem
1333 3347 1370 3394 in·

282 3434 354 3493 iecit,
378 3447 453 3494 quom
469 3431 610 3493 opinionem
628 3431 659 3481 sb
677 3431 778 3481 Ossuno
796 3434 887 3495 quippe
904 3434 1009 3482 mirante
1026 3433 1092 3493 qnod
1114 3432 1182 3480 nulls
1199 3431 1281 3478 sdlsts
1296 3431 1370 3478 lectio

280 3521 409 3568 Aeolidem
421 3521 619 3580 repraesentsret
635 3518 661 3564 in
672 3518 766 3566 Anscd.
777 3519 848 3566 Rom.
866 3533 890 3580 p.
904 3519 954 3568 282
966 3518 1087 3578 prolstsm
1097 3515 1248 3566 Ribbeckius
1261 3516 1288 3564 in
1298 3516 1369 3564 Ishn.

281 3618 341 3652 sun.
358 3619 383 3652 v.
398 3605 437 3654 66.
456 3619 482 3664 p.
494 3604 509 3649 2
523 3608 547 3650 61
558 3602 662 3662 Sengeb.
675 3603 696 3650 Ι.
714 3618 739 3663 p.
750 3603 799 3652 190
811 3604 988 3662 reruuverunt,
1006 3616 1060 3650 cnm
1073 3602 1236 3650 Bnttmsnous
1248 3615 1304 3648 esm
1315 3601 1369 3648 iure

281 3689 346 3736 inter
362 3683 493 3745 πολιτικὰς
510 3687 630 3737 editiones
647 3701 710 3746 queo
727 3687 878 3747 temporibus
902 3687 967 3736 bello
983 3685 1192 3745 Peloponnesiaco
1209 3683 1370 3734 interioribus

279 3771 396 3834 (Sesgob.
412 3773 431 3819 1.
449 3786 474 3833 p.
488 3775 545 3822 124.
571 3772 602 3818 11.
627 3785 651 3832 p.
666 3771 709 3832 74)
733 3771 817 3818 lonico
841 3771 973 3832 slphsbeto
997 3771 1133 3820 recentiore
1158 3769 1265 3830 scriptos
1290 3768 1368 3834 (Gies.

281 3871 304 3918 p.
319 3857 475 3920 186-167)
497 3857 546 3905 fids
567 3856 668 3926 publice
686 3861 712 3904 et
734 3856 878 3906 sumoritste
901 3856 1070 3918 promulgatos
1093 3858 1164 3905 ment
1186 3859 1368 3917 snumemset;

282 3957 309 3990 v.
325 3942 458 3990 Duentzsr.
476 3955 501 4001 p.
513 3944 555 3990 40.

350 4025 377 4090 4)
394 4039 420 4073 v.
437 4025 551 4073 lisineke
568 4025 634 4072 snsl.
652 4025 724 4072 Alex.
742 4039 766 4085 p.
780 4026 837 4074 114.

288 4167 291 4174 ,
351 4109 377 4174 b)
395 4111 426 4159 cl.
446 4109 552 4172 Sengeb.
571 4111 597 4158 11
621 4124 647 4172 p.
661 4111 685 4158 b.
706 4111 727 4157 1.
744 4111 824 4172 pil.
857 4109 1116 4174 Iubmsumpdtfl.
1135 4111 1192 4160 612.

352 4194 378 4258 6)
395 4195 579 4244 Friedlssuder.
591 4195 667 4244 Arist.
681 4209 706 4258 p.
720 4195 759 4243 15.
778 4210 803 4242 u.
813 4195 835 4241 2.
855 4194 976 4255 (leudovit
987 4193 1078 4244 Ams‘u.
1089 4210 1115 4258 p.
1126 4197 1162 4257 6).
1187 4195 1275 4244 Lsuer.
1289 4208 1314 4256 p.
1325 4194 1367 4244 88.

284 4291 308 4326 n.
321 4279 364 4324 48.
387 4278 492 4340 Senpsb.
509 4294 534 4340 p.
547 4280 604 4328 266.
631 4280 736 4328 Lsroch.
752 4293 777 4339 p.
789 4282 847 4328 287.
859 4281 918 4328 286.
931 4281 991 4328 428.
