3114 4994
688 527 729 590 99

166 703 195 762 p.
214 683 287 759 173)
309 680 405 740 tribus
426 682 499 742 loeis
520 696 546 738 σ.
565 686 635 740 330.
657 702 686 738 v.
705 687 732 741 8.
749 688 819 741 346.
843 684 902 760 legi
925 685 1044 758 iubens,
1068 705 1157 766 quem
1179 689 1254 748 Din-

168 785 278 844 dorfius
294 787 412 843 seeutus
427 788 486 855 est,
509 783 665 842 Bekkerus
680 790 778 844 autem
792 785 839 844 bis
854 786 949 845 solum
962 788 995 846 in
1010 787 1140 848 editione
1155 792 1255 866 priore

167 887 207 964 (v.
224 886 322 946 sehed.
341 883 429 943 Hom.
445 886 468 943 I.
488 904 516 961 p.
535 885 608 962 123)
623 880 696 963 γέλω
714 879 846 960 retinuit,
870 888 902 946 in
915 889 1007 949 altera
1021 894 1121 950 tamen
1136 893 1253 952 Aeolis·

165 1008 230 1046 mos
256 987 360 1046 fovere
386 986 491 1046 maluit
518 987 565 1046 his
594 987 681 1046 loeis:
712 983 795 1066 γέλος
816 990 854 1046 A.
874 995 944 1049 599.
961 1017 1006 1042 =
1028 994 1060 1050 a.
1077 997 1148 1053 326.
1179 989 1252 1076 γέλῳ

166 1104 191 1147 σ.
208 1093 278 1147 roo.
300 1084 384 1167 γεκον
406 1102 431 1146 o.
450 1093 521 1148 aso.
545 1110 571 1146 s.
585 1093 612 1147 s.
631 1094 700 1148 asa.
724 1091 776 1148 sed
796 1074 850 1149 ‘um
871 1095 998 1151 metrum
1019 1093 1138 1170 longam
1161 1095 1253 1175 sylla-
1378 1151 1381 1160 .

168 1190 236 1250 bam
257 1189 443 1266 postulabat,
465 1191 618 1266 vulgarem
633 1191 758 1250 formam
773 1191 896 1272 reliquit
917 1198 951 1255 θ.
969 1199 1039 1254 343.
1058 1201 1138 1271 334,
1163 1218 1252 1278 quam

164 1292 394 1351 inconstantiam
416 1293 546 1352 oensoris
568 1295 695 1352 narbone
717 1293 834 1354 notavit
851 1295 1007 1372 Rumpfius
1029 1317 1058 1374 p.
1077 1296 1169 1380 bddld
1192 1305 1252 1360 tre-

165 1395 296 1454 latioiam
317 1393 478 1452 flexionem
502 1395 670 1454 defendens.
714 1395 772 1454 Sed
792 1414 900 1455 vereor
927 1417 966 1457 ne
995 1406 1170 1475 argumenta
1197 1402 1252 1461 ali-

165 1487 309 1578 quantum
331 1493 448 1571 possint
469 1495 646 1569 delumbari;
669 1502 759 1576 atqua
781 1517 850 1558 sana
867 1499 1024 1561 Bekkerus
1046 1502 1071 1561 si
1087 1503 1252 1580 analogiam

165 1598 282 1658 acubus
303 1597 447 1657 voluisset
468 1597 582 1670 rimari,
610 1599 851 1680 aequabilitatem
872 1602 971 1677 potuit
999 1605 1146 1685 persequi.
1196 1605 1254 1664 Le-

165 1701 247 1775 gitur
268 1698 382 1759 soilioet
402 1701 435 1756 e.
452 1703 521 1760 343.
545 1696 635 1778 γέλως
656 1697 701 1776 έγε
729 1701 772 1759 ita
800 1705 834 1760 ut
855 1703 970 1781 syllaba
991 1723 1067 1784 quaa
1096 1707 1129 1765 in
1151 1707 1253 1768 disari-

165 1821 235 1860 men
256 1800 394 1862 venitin
415 1819 566 1861 caesuram
587 1803 685 1882 quarti
706 1803 791 1879 pedis
812 1803 938 1879 ineidat,
961 1807 1012 1885 qui
1026 1807 1109 1867 loeus
1124 1808 1149 1868 si
1164 1809 1253 1868 Hoff-

165 1905 268 1963 manni
290 1907 403 1984 quaest.
425 1903 513 1963 Hom.
537 1901 563 1980 §.
581 1904 629 1964 74.
651 1906 675 1962 1.
698 1923 726 1979 p.
746 1909 804 1962 103
828 1905 979 1985 sequimur
999 1909 1188 1984 productioni
1207 1911 1252 1968 fa·

164 2012 218 2067 vet
239 2005 288 2082 (es.
305 1995 469 2082 eiempla);
491 2010 605 2079 tamen,
629 2007 653 2065 si
675 2007 732 2065 hoo
754 2011 961 2082 argumentum
983 2027 1062 2070 nuno
1085 2013 1153 2086 post
1174 2011 1252 2070 Har-

164 2109 246 2182 telii,
274 2108 333 2169 viri
362 2106 532 2181 clarissimi,
562 2109 715 2168 adcuratas
743 2125 777 2168 ao
799 2108 922 2168 subtiles
950 2109 1172 2191 disquisitiones
1200 2115 1253 2193 qui

165 2211 246 2270 arsin
275 2229 330 2286 per
359 2227 389 2268 se
417 2228 578 2289 numquam
607 2209 742 2270 sufficere
769 2215 804 2269 ut
830 2210 943 2287 syllaba
964 2213 1065 2273 brevis
1086 2233 1140 2290 pro
1162 2214 1253 2291 longa

165 2318 245 2372 esset
262 2311 402 2387 exposuit
422 2312 520 2372 minus
535 2312 617 2372 valet
639 2311 678 2390 (v.
695 2333 724 2388 p.
743 2311 833 2389 389),
855 2313 906 2371 hio
930 2331 964 2372 eo
980 2333 1019 2373 ne
1039 2334 1113 2391 opus
1132 2316 1252 2395 quidem

45 2409 46 2412 ’
165 2419 221 2488 est,
244 2415 315 2494 quia
336 2413 491 2490 productio
508 2413 580 2472 satis
595 2419 753 2474 excusatur
773 2414 873 2473 littera
894 2429 913 2473 o
934 2416 1058 2494 quaein
1078 2417 1178 2476 fronte
1198 2437 1251 2477 vo·

166 2515 209 2576 eis
231 2511 287 2592 έγω
309 2516 445 2574 haeserat
465 2521 529 2576 tum
550 2517 682 2575 nondum
698 2516 840 2589 evanida,
863 2515 946 2576 ouius
961 2492 1251 2594 productionishaeo

164 2623 238 2678 eunt
252 2617 403 2693 exempla:
425 2613 510 2693 βέλος
526 2612 677 2694 ἐχεπευκὲς
698 2619 736 2676 Α.
752 2622 799 2677 31.
810 2641 852 2672 =
866 2620 901 2676 Δ.
918 2623 986 2678 129.
1000 2613 1057 2700 γὰρ
1073 2616 1140 2697 έχον
1156 2619 1188 2679 Γ.
1201 2627 1250 2682 49.

167 2715 256 2799 μόγις
285 2715 352 2795 έχον
384 2718 421 2777 Χ.
447 2724 518 2778 412.
549 2716 662 2795 θαμέες
694 2717 760 2797 έχον
790 2721 828 2778 Κ.
848 2725 919 2780 264.
947 2718 1156 2800 κεντρηνεκέας
1184 2720 1252 2800 έχον

168 2823 205 2879 Ε.
225 2823 295 2882 752.
317 2849 362 2873 ==
386 2819 420 2880 Θ.
437 2825 506 2879 396.
529 2815 692 2901 ἐρύγμηλον
714 2818 814 2899 ἐχέτην
841 2823 877 2882 Σ.
894 2829 964 2883 580.
995 2820 1108 2908 πᾶρέχῃ
1138 2845 1162 2884 τ.
1182 2830 1251 2886 113.

167 2919 286 3000 συνεχές
302 2921 340 3000 (5.
355 2923 395 3001 7.)
410 2925 446 2983 af.
463 2923 576 2985 Hartel.
592 2925 787 3002 passast.
802 2957 844 2968 -
865 2925 950 2985 Alter
964 2925 1047 2986 loeus
1062 2931 1107 2986 est
1120 2929 1153 2986 θ.
1165 2932 1251 2988 343.;

165 3018 209 3094 oie
230 3016 324 3098 ἔφατ’,
347 3021 379 3084 έν
400 3019 432 3083 δέ
451 3021 540 3104 γέλως
563 3014 628 3105 oipr'
653 3019 832 3084 ἀθανάτοισι
852 3028 970 3086 θεοῖσιν
990 3029 1043 3086 ubi
1064 3047 1184 3088 caesura
1205 3046 1251 3089 se·

165 3127 346 3206 miqninaria
366 3145 437 3204 prae
459 3129 565 3189 ueteris
592 3129 781 3206 productioni
807 3129 889 3188 favet
919 3125 958 3204 (v.
974 3129 1086 3190 Hoffm.
1109 3128 1135 3207 S.
1154 3132 1201 3189 13.
1225 3133 1249 3190 Ι.

165 3249 195 3306 p.
213 3231 301 3306 102),
323 3237 423 3288 tamen
445 3229 569 3290 initialis
586 3231 686 3290 littera
702 3231 910 3309 subsequentis
926 3232 1008 3290 vonis
1031 3218 1096 3309 ὦρτ’
1121 3252 1182 3292 non
1197 3252 1250 3309 po-

164 3337 226 3392 test
246 3351 299 3408 pro
323 3349 411 3390 eausa
431 3333 596 3404 admoveri3
625 3335 661 3392 ab
683 3334 740 3392 hoo
761 3351 833 3393 vero
861 3333 926 3392 loeo
949 3334 1039 3394 etiam
1059 3335 1248 3411 interoapedo

164 3431 418 3510 pronuntiationis
441 3435 524 3496 abest
546 3453 562 3493 a
584 3454 643 3515 qua
664 3435 799 3511 plurimis
820 3435 893 3494 loeis
914 3435 946 3493 in
968 3436 1024 3495 hoo
1039 3436 1168 3495 massula
1185 3455 1249 3495 oae-

165 3554 235 3596 sura
248 3537 370 3594 brevem
381 3535 524 3613 syllabam
536 3537 655 3596 tolerari
667 3557 753 3614 posse
764 3536 878 3595 Hartel.
889 3537 1044 3613 perspexit
1055 3558 1084 3614 p.
1097 3542 1167 3597 440.
1178 3537 1249 3596 447.

165 3638 334 3696 Remanent
347 3642 447 3697 tamen
468 3637 587 3714 plurimi
609 3659 713 3700 versus
734 3639 841 3718 quibus
863 3659 891 3699 r.
914 3639 941 3696 d.
963 3639 1019 3696 hao
1040 3637 1249 3715 explanatione

165 3757 254 3816 opem
275 3758 335 3798 non
357 3739 465 3797 adferri
481 3759 541 3798 non
561 3741 710 3815 ignoravit
732 3744 771 3818 (p.
790 3742 879 3818 391);
901 3759 955 3816 per
969 3757 1016 3798 me
1032 3740 1150 3819 quidem
1163 3739 1249 3798 facil·

164 3841 236 3900 lime
250 3841 396 3919 quispiam
407 3841 488 3900 huno
501 3842 538 3902 iis
550 3844 703 3903 addiderit.
732 3843 788 3901 Sed
801 3842 969 3903 sibilantem
983 3859 1101 3920 quoque
1112 3858 1173 3898 una
1181 3859 1248 3899 oum

164 3942 288 4022 liquidis
308 3944 344 4000 ad
366 3962 559 4003 consonarum
582 3945 859 4020 durantiumgonus,
887 3961 964 4023 quae
993 3958 1089 4000 orasse
1115 3960 1246 4017 pronun-

165 4045 291 4105 tiatione
313 4043 535 4121 produationem
559 4065 645 4124 quam
661 4047 764 4106 dieunt
782 4045 930 4123 positione
954 4047 1048 4102 ortam
1069 4042 1247 4116 efficiebant,

165 4146 330 4206 raetissime
351 4166 380 4223 p.
396 4151 458 4205 432
479 4147 589 4207 retulit.
642 4149 778 4207 ceterum
807 4148 832 4208 si
855 4147 902 4207 oui
924 4163 1026 4205 omnes
1048 4163 1151 4204 aaume
1173 4163 1247 4224 quas

166 4249 280 4326 protuli
305 4249 394 4308 nimis
422 4249 573 4326 precariae
598 4251 751 4322 videntur,
774 4248 955 4321 meminerit,
984 4265 1108 4328 quaeso,
1137 4248 1173 4306 de
1193 4247 1248 4308 tali

168 4353 318 4431 Odysseae
340 4357 423 4427 parte
445 4353 508 4427 agi,
544 4371 631 4432 quam
653 4351 855 4414 Kirohhoffius
875 4351 955 4412 inter
974 4350 1140 4412 recentiora
1166 4349 1248 4410 addi·

987 4448 1031 4511 γε
