3092 4996
816 495 857 562 74

295 643 330 720 (ζ.
346 648 373 704 7.
397 667 423 721 η.
441 651 490 706 56.
508 653 556 706 62.
580 652 611 706 θ.
626 651 711 726 565.)
744 644 902 712 Ναυσικάα
923 654 956 732 (ζ.
979 656 1025 711 17.
1048 673 1075 728 η.
1096 652 1154 729 12.)
1188 646 1376 727 Ναυβολίδης

298 747 343 823 (θ.
363 749 441 826 116.)
466 743 602 822 Ναυτεύς
618 753 661 831 (θ.
680 753 760 830 112.)
778 761 867 835 atque
883 751 1075 824 vapulaturos
1090 738 1289 822 ναυσίκλὲιιυς
1307 743 1374 810 ναύ-

295 850 380 926 topos
403 845 552 928 υαύμαχυς
578 853 682 914 ναῦται
705 855 909 916 ναυτίλλεσθαι
930 856 1052 930 similia,
1083 876 1158 936 quae
1180 857 1313 934 profecto
1342 875 1379 913 ne

295 953 399 1012 umbra
416 955 534 1034 quidem
551 960 597 1016 est
613 975 715 1017 oausae
737 978 789 1018 our
805 959 951 1036 Bergkius
968 960 1024 1020 1111.
1041 960 1110 1026 bist.
1131 979 1160 1036 p.
1174 963 1243 1018 654.
1265 978 1295 1016 n.
1311 962 1378 1016 141.

295 1055 443 1114 Amaisius
464 1077 492 1133 p.
506 1063 555 1130 26,
572 1063 621 1118 39.
644 1058 788 1120 Galbkius
809 1081 837 1140 p.
857 1067 894 1121 16
917 1062 1067 1123 Aeolismo
1089 1060 1256 1122 adtribuere
1277 1061 1379 1122 volua-

294 1155 364 1216 rint.
407 1149 515 1235 Ἑρμᾶς
537 1169 633 1220 autom
661 1162 694 1220 in
715 1163 799 1222 611.
821 1168 868 1236 51,
885 1169 913 1224 2.
935 1164 1045 1241 legitur
1065 1183 1162 1243 neque
1183 1164 1262 1241 apud
1283 1163 1378 1222 Hero·

295 1259 396 1318 dotum
418 1260 449 1318 in
472 1263 677 1338 conpositione
698 1285 767 1340 νηυ-
789 1267 956 1342 ν51νηυσι-
981 1267 1121 1328 natatum
1143 1270 1207 1326 orat
1227 1265 1276 1343 (51.
1296 1256 1380 1324 Nod-

295 1375 425 1438 στροφος
445 1365 502 1424 III.
525 1385 549 1425 o.
567 1365 635 1441 60);
665 1386 761 1445 neque
786 1361 946 1427 Ναυσικάα
975 1388 1041 1430 oum
1063 1369 1186 1429 Aeolioa
1206 1368 1308 1427 fabula
1329 1367 1380 1426 sed

295 1483 361 1522 eum
382 1466 536 1526 Phaeaooa
556 1487 632 1546 quaa
653 1475 716 1528 orat
738 1471 844 1530 Ionum
873 1469 1046 1547 (Muellenb
1066 1490 1094 1547 p.
1112 1471 1166 1548 46)
1187 1469 1380 1530 nsoessitudi·

294 1584 362 1625 uem
385 1567 498 1642 hebuit,
520 1571 556 1629 of.
579 1570 628 1632 alt.
651 1578 725 1648 part.

381 1670 413 1747 4)
436 1671 502 1732 Hoo
523 1673 588 1732 looo
610 1673 790 1734 mentionem
811 1674 901 1734 iuioio
922 1675 1034 1734 formae
1057 1666 1135 1750 ἆμὸς
1152 1694 1228 1754 quae
1250 1673 1380 1751 plerum·

296 1791 354 1849 que
376 1792 429 1849 pro
445 1773 582 1834 Dorismo
599 1776 757 1836 Homerioo
772 1777 927 1836 venditata
941 1778 1138 1852 grammaticis
1159 1795 1267 1853 magna
1286 1776 1380 1836 15555-

295 1875 379 1934 55551
400 1878 534 1952 negotia:
556 1868 635 1953 ἁμόν
659 1879 692 1936 z,
711 1884 781 1937 414.
807 1869 1026 1954 51151515
1049 1879 1087 1938 ιι.
1099 1885 1170 1939 448.
1197 1879 1234 1938 Ν.
1249 1883 1305 1950 55,
1327 1878 1381 1937 ubi

294 1975 428 2036 ultimam
456 1987 558 2040 contra
578 1980 698 2066 Doridis
728 1981 969 2042 consuetudinem
998 1982 1169 2058 productam
1197 2000 1261 2042 osse
1289 1979 1381 2040 sobol.

295 2079 407 2152 statuit,
429 2071 509 2156 ἇμήν
534 2081 661 2143 11830.
684 2084 748 2160 (nbi
769 2089 872 2143 auotor
892 2101 949 2144 roo.
972 2084 1102 2143 Bekkori
1124 2074 1218 2159 ὔμμιν
1238 2083 1381 2160 seripsit),

296 2171 373 2257 ἁμῆς
394 2182 596 2254 1.1oo.4s1;
626 2192 715 2264 atque
740 2187 774 2243 Ζ.
792 2191 862 2245 214.
894 2184 1006 2247 5175
1036 2187 1072 2246 de
1099 2205 1159 2246 uno
1180 2204 1308 2263 persona
1330 2186 1381 2245 ad-

295 2283 391 2344 hibita
412 2290 471 2358 est,
501 2287 577 2346 siout
605 2279 744 2366 ἡμέτερος
765 2289 842 2365 apud
865 2289 1043 2365 posteriores
1064 2289 1164 2364 epiros
1190 2288 1307 2364 (Lebrs.
1330 2307 1380 2367 qu.

295 2404 340 2463 ep.
359 2407 387 2462 p.
401 2387 475 2464 260)
490 2388 540 2448 val
554 2380 638 2464 ἡμεῖς
652 2392 729 2467 apud
746 2391 875 2466 tragicos
889 2391 927 2467 (5.
944 2411 970 2467 g.
987 2391 1076 2468 Soph.
1088 2390 1122 2450 0.
1135 2391 1165 2451 0.
1176 2389 1259 2466 347).
1291 2391 1381 2467 Apud

294 2489 412 2549 eosdem
428 2491 517 2550 etiam
531 2482 607 2565 ἇμὸς
625 2500 655 2552 51
673 2493 704 2552 in
720 2493 843 2554 cantiois
859 2494 978 2570 (555511.
995 2493 1076 2568 Sept.
1094 2494 1165 2553 417.
1187 2492 1290 2569 Suppl.
1311 2497 1380 2552 105.

296 2591 425 2668 Cboeph.
442 2599 512 2652 428.
530 2596 601 2653 467.
635 2595 724 2672 Soph.
743 2601 813 2656 Ant
834 2601 892 2655 865
923 2590 992 2675 ἆμῷ
1018 2615 1072 2673 pro
1103 2591 1163 2675 ἐμῷ
1192 2615 1210 2654 5
1237 2593 1379 2654 Trioliuio

298 2697 377 2752 1141
405 2685 466 2768 cipri
495 2698 684 2758 aBoeelrhio
713 2699 845 2760 Philokt.
868 2718 896 2758 v.
915 2703 975 2757 663
1005 2691 1069 2778 ἀμᾷ
1096 2717 1150 2773 pro
1180 2693 1237 2779 ἐμᾷ
1266 2697 1380 2756 allin-

295 2796 388 2855 dorfio
405 2797 583 2871 restitutum,
606 2801 709 2876 Eurip.
727 2801 790 2860 Alo.
804 2806 874 2860 396.
898 2802 1040 2860 Androm.
1056 2821 1083 2859 v.
1099 2803 1188 2860 1174.
1212 2799 1277 2875 Iph.
1292 2799 1379 2860 Taur.

294 2904 519 2960 v.149.1141.
551 2901 653 2961 Troad.
675 2903 749 2979 592)
778 2908 808 2962 51
837 2904 868 2961 15
897 2903 1030 2963 diverbia
1061 2902 1180 2978 (Aeseh.
1207 2902 1287 2978 Sept.
1308 2908 1379 2963 654.

294 3000 397 3078 Suppl.
409 3008 479 3061 322.
496 3007 585 3083 atque
600 3005 788 3080 singulariter
799 3011 879 3066 certo
894 3025 940 3082 ap.
955 3005 1044 3081 Soph.
1059 3003 1104 3064 ul.
1118 3004 1189 3064 279.
1203 3008 1272 3065 568.
1289 3009 1379 3066 1496.

294 3104 372 3166 Phil.
394 3109 481 3165 1314.
505 3107 606 3183 Eurip.
627 3108 692 3183 Iph.
711 3107 778 3166 Aul
801 3113 889 3167 1454.
913 3108 981 3168 Hel.
998 3128 1026 3166 v.
1046 3111 1121 3176 5313
1151 3108 1202 3166 aed
1224 3104 1380 3182 pluraliter

294 3206 340 3265 El.
360 3208 432 3283 555)
455 3209 609 3284 reperitur.
654 3209 721 3274 Quo
739 3229 778 3269 ex
799 3231 855 3270 usu
871 3209 1053 3285 grammatioi
1074 3209 1171 3269 levem
1186 3209 1380 3286 adripueruut

295 3309 472 3386 opinionem,
496 3303 573 3387 ἆμὸς
586 3311 685 3372 littera
701 3333 714 3370 ε
728 3313 761 3373 15
775 3335 794 3369 α
807 3317 921 3374 mutata
936 3319 967 3372 51
982 3313 1126 3388 produota
1140 3311 1263 3370 formam
1279 3310 1380 3386 singu·

294 3411 386 3473 larem
409 3433 472 3473 esse
499 3434 553 3491 pro
581 3407 652 3490 ἐμός
679 3422 769 3496 atque
797 3416 894 3473 lenem
916 3415 1052 3490 spiritum
1080 3413 1282 3489 adpinxeruut
1303 3414 1380 3474 siout

295 3515 464 3576 Demetrius
485 3518 817 3577 Pseudo-Herodianus
844 3536 900 3576 sao.
924 3517 1014 3577 sohel.
1036 3517 1069 3576 Β.
1089 3515 1124 3574 V.
1145 3516 1182 3576 ad
1207 3515 1241 3572 Z.
1257 3521 1319 3578 414
1346 3517 1379 3575 in

296 3619 490 3695 opimarismis
517 3620 690 3680 soboliastes
718 3621 745 3678 D
772 3621 809 3679 ad
839 3618 872 3680 Θ.
894 3619 952 3679 176
983 3619 1121 3678 Donioam
1151 3635 1269 3678 vooans.
1320 3619 1378 3678 Sed

295 3721 473 3797 Apollonius
494 3729 584 3802 atque
605 3722 793 3798 Herodianus
814 3742 845 3779 π.
863 3714 908 3778 Ἰλ.
930 3742 978 3796 πρ.
997 3721 1038 3781 ΙΙ.
1057 3741 1085 3797 p.
1103 3720 1141 3780 57
1167 3721 1246 3796 apud
1268 3720 1377 3783 Home-

295 3842 361 3882 rum
383 3815 457 3898 α’μός
472 3824 612 3883 Dorionm
635 3829 802 3884 statuerunt
818 3824 907 3903 idque
922 3843 975 3901 per
990 3822 1307 3884 metasohematismum
1324 3841 1377 3898 pro

295 3916 436 4002 ἡμέτερος
457 3933 559 3986 natum
585 3926 754 3986 iudioarunt
775 3945 866 4006 quare
893 3945 1030 4003 asperum
1057 3927 1146 3986 taoite
1168 3925 1377 4002 probaverunt,

297 4031 333 4088 of.
349 4031 422 4089 Ahr.
438 4031 478 4088 H.
497 4050 525 4105 p.
538 4034 608 4088 262.
625 4049 653 4088 n.
667 4033 716 4100 29,
731 4033 802 4088 662.
818 4049 846 4086 n.
859 4033 887 4088 3.
909 4028 1013 4088 Lentu.
1029 4029 1121 4105 praef.
1138 4047 1165 4104 p.
1179 4025 1301 4086 XXIII.
1341 4029 1376 4086 In

296 4131 445 4192 oodioibus
461 4137 604 4191 autemst
620 4128 744 4192 Homeri
758 4135 789 4189 51
803 4131 980 4206 tragioorum
998 4149 1077 4189 nuno
1095 4131 1241 4206 scriptura
1257 4128 1378 4204 spiritus

295 4235 381 4296 valde
409 4235 540 4294 fluotuat.
584 4234 641 4293 Sed
667 4252 738 4292 num
766 4234 861 4292 forma
888 4225 965 4308 ιἰμὸς
993 4252 1121 4312 unquam
1149 4233 1180 4290 in
1203 4230 1376 4304 Graeoitate,

294 4337 344 4399 vel
360 4338 437 4413 apud
451 4336 565 4396 Atticos
579 4337 675 4412 asperi
690 4334 906 4396 amantissimos
921 4334 1021 4409 fuerit,
1036 4335 1189 4414 aliquanta
1199 4334 1281 4396 subit
1293 4334 1376 4394 dubi-
