3092 4996
824 482 866 546 54

301 645 423 704 vertens
443 639 557 711 ,‚beue“
578 638 636 696 hoc
656 637 764 710 ,.lute“.
806 637 866 698 Sed
887 637 1006 714 egregie
1027 638 1128 716 lapsus
1149 643 1210 712 est;
1241 639 1389 716 ὤςσιιιιιισ

302 743 382 802 enim
403 739 482 820 qnod
502 739 536 798 iu
557 727 646 818 εὖριίς
658 739 741 800 vocis
755 741 830 818 (akr.
844 759 948 802 ram-c
967 741 1047 801 curt
1064 761 1094 819 p.
1106 742 1181 820 323)
1195 742 1295 802 trente
1309 749 1389 802 certe

301 864 356 922 pro
377 839 473 920 acccc
492 841 623 900 hcesism
644 843 775 918 putavit,
805 841 862 902 etsi
883 843 950 902 eins
975 843 1010 901 in
1030 843 1210 903 carminibus
1236 848 1307 904 autc
1333 839 1389 919 ἐρι-

301 945 432 1022 vigentis
459 963 515 1004 uec
540 943 610 1004 vela
635 961 691 1002 nec
717 943 878 1020 vestigium
906 945 1040 1024 (minime
1060 938 1201 1023 Λάρισᾱν
1222 940 1389 1025 ἐριβοίίοαιο

302 1049 337 1106 Β.
354 1049 412 1105 841
443 1047 503 1106 huc
531 1051 631 1123 petest
658 1045 754 1119 trahi,
783 1047 820 1105 de
850 1066 910 1126 qna
939 1047 1133 1124 productione
1162 1068 1191 1108 r.
1220 1049 1390 1108 Hartelinm

301 1170 331 1227 p.
346 1154 423 1220 454;
453 1148 505 1206 sed
525 1148 627 1208 forsan
648 1155 751 1207 auctor
773 1147 899 1224 catalogi
919 1148 1030 1208 Troum
1051 1167 1069 1208 e
1090 1149 1230 1225 genetivo
1252 1149 1390 1229 Λαρίσης

302 1244 483 1330 ἐριβοίίσιιος
504 1250 536 1308 Ρ.
552 1255 611 1309 301
636 1250 712 1309 male
726 1251 948 1325 transmutavit)
971 1251 1128 1328 reperitur,
1150 1253 1314 1330 emytbicc
1336 1272 1389 1312 nc·

301 1355 383 1414 mine
402 1344 562 1430 Ἠερίβοια,
585 1354 666 1432 qnod
686 1371 741 1428 pro
759 1343 911 1426 Ἐερίβοια
931 1352 951 1411 i.
967 1371 994 1412 c.
1014 1344 1185 1432 Ἐίίερίβοιοι
1206 1373 1272 1414 esse
1292 1355 1389 1416 voluit

302 1453 428 1516 ἐείκοσιν
449 1451 535 1514 ἔεδνα
555 1455 700 1527 adserens,
723 1454 752 1512 ei
768 1453 840 1514 satis
854 1453 951 1513 visum
973 1460 1020 1515 cst
1041 1461 1185 1529 constare,
1208 1458 1289 1535 quod
1303 1475 1389 1532 argu·

301 1563 436 1618 mentum
451 1553 539 1615 nihili
561 1561 614 1616 cst
656 1555 765 1634 Itaque
780 1575 842 1615 uon
855 1558 943 1615 medo
957 1576 1019 1616 non
1036 1557 1184 1633 digamma
1197 1557 1291 1618 evicit
1310 1559 1389 1637 qnod

303 1667 335 1722 et
353 1659 451 1720 voluit
471 1665 504 1719 et
524 1657 627 1717 debuit
647 1658 865 1731 demonstrare,
887 1659 940 1718 sed
960 1659 1050 1719 etiam
1071 1661 1108 1720 de
1128 1660 1258 1720 trmsitu
1277 1659 1389 1720 vocalis

301 1785 322 1822 ο
337 1763 370 1822 in
387 1783 399 1821 ι
419 1759 540 1821 insolito
561 1778 600 1818 ne
617 1760 710 1821 verbo
729 1760 850 1840 quidem
871 1760 951 1819 dixit
964 1780 1062 1840 neque
1079 1761 1238 1822 discrimen
1257 1761 1389 1822 notionis

303 1867 382 1946 qnod
409 1881 474 1924 esse
493 1861 614 1940 putarit
638 1861 763 1938 planum
783 1881 848 1922 esse
869 1863 970 1939 potuit
996 1862 1180 1924 confirmare.
1223 1865 1270 1924 Be
1291 1869 1389 1924 cutem

301 1987 374 2029 rerc
386 1968 501 2027 formae
514 1984 576 2024 non
589 1983 609 2022 a
622 1983 654 2024 se
670 1964 881 2040 dispescendae
897 1970 981 2036 snnt;
1003 1983 1095 2044 quare
1109 1965 1285 2028 Buttmanni
1300 1967 1388 2042 origi·

301 2070 453 2131 nationem
473 2086 596 2144 prorsus
620 2066 720 2126 reicie.
763 2069 812 2126 En
838 2067 887 2127 fac
914 2072 950 2127 nt
971 2057 1040 2144 ἆρι-
1062 2068 1142 2147 qued
1170 2067 1294 2128 indubie
1322 2087 1387 2126 cum

300 2173 400 2233 radice
421 2161 473 2249 ἆρ-
495 2170 529 2229 iu
551 2168 717 2230 Groecitate
737 2169 880 2229 latissime
901 2173 1023 2246 patente
1045 2169 1086 2246 (v.
1102 2170 1182 2230 curt
1199 2191 1228 2248 p.
1241 2169 1318 2246 317)
1339 2190 1387 2230 co·

300 2277 405 2335 haeret
419 2271 541 2336 Aeolica
559 2271 667 2332 abierit
683 2272 716 2330 in
735 2267 792 2349 ἐρι·
808 2276 899 2351 atquc
913 2271 1085 2332 memineris
1098 2272 1165 2344 hoc,
1187 2291 1253 2332 cum
1273 2292 1389 2350 semper

301 2379 335 2438 in
354 2376 547 2437 sollemnibus
562 2377 701 2434 obcurrat
713 2373 858 2448 formulis,
880 2374 1023 2450 perfacile
1036 2391 1124 2450 posse
1145 2376 1182 2433 ab
1196 2374 1389 2434 Aeolensium

300 2479 386 2557 possi
406 2479 443 2538 ad
464 2476 600 2538 Ionicum
619 2496 707 2535 usum
728 2495 793 2536 esse
815 2477 900 2555 quusi
922 2476 1083 2553 delapsum,
1109 2476 1205 2536 omnis
1224 2477 1389 2554 scrupulus,

301 2583 399 2654 credo,
417 2582 575 2642 evanescet
588 2578 668 2637 unde
681 2579 880 2639 Buttmaunus
892 2578 975 2638 illam
990 2561 1190 2639 cdniectnrarn
1203 2579 1290 2655 cepit,
1313 2598 1389 2658 quac

301 2682 455 2760 paululum
476 2680 579 2740 (lurtio
601 2685 641 2739 et
662 2699 691 2756 p.
708 2681 748 2738 72
771 2681 931 2741 adridebat.
973 2681 1077 2740 Simile
1096 2680 1167 2760 quid
1186 2682 1276 2740 etiam
1297 2681 1388 2758 Berg-

301 2786 372 2845 kiue
391 2784 424 2842 in
444 2783 515 2841 hist
536 2781 595 2841 litt.
616 2802 646 2858 p.
664 2786 733 2840 864.
755 2803 784 2842 n.
802 2786 862 2841 144
883 2783 1008 2857 viderat,
1030 2783 1082 2864 qui
1105 2779 1163 2862 ἐρι·
1183 2801 1245 2842 non
1265 2791 1389 2861 propter

301 2883 435 2965 τέσσερες
455 2880 545 2964 ἔρσην
566 2885 604 2943 ad
623 2885 726 2943 Iadem
747 2886 799 2944 sed
819 2885 920 2962 potius
940 2887 978 2944 ad
999 2884 1236 2964 antiquissimam
1256 2885 1388 2962 linguam

302 2989 444 3048 Graecam
466 2987 617 3063 pertinere
638 2988 845 3063 pronuntiavit
865 2987 1041 3048 Arcadicum
1061 3004 1171 3045 nomen
1186 2979 1298 3065 Ἐρίων
1318 3006 1388 3048 con·

302 3109 426 3168 parans,
454 3088 615 3166 pristinum
635 3095 735 3148 antem
756 3082 822 3168 ιἰρι-
849 3091 1021 3168 ubicunque
1047 3089 1192 3148 somnne
1219 3094 1299 3148 certa
1326 3109 1386 3148 me·

300 3192 397 3252 moria
417 3191 547 3252 unciae
569 3191 740 3264 definissent,
762 3192 883 3252 maioris
899 3191 1053 3268 dignitatis
1071 3192 1197 3272 senique
1211 3192 1385 3267 granditatis

301 3314 389 3356 causa
411 3313 429 3353 a
449 3293 547 3370 poetis
572 3312 637 3352 esse
656 3294 821 3370 praelatum
843 3294 966 3354 censuit
1009 3294 1067 3353 Sed
1088 3299 1156 3354 utut
1182 3295 1218 3352 de
1245 3294 1302 3352 hac
1323 3293 1385 3370 opi-

299 3397 390 3457 nione
405 3396 527 3471 cogitas,
540 3396 598 3455 hoc
612 3399 711 3454 tamen
726 3397 791 3457 reri
806 3396 988 3456 simillimum
1003 3397 1123 3457 ridetur
1138 3391 1195 3474 ἐρι-
1210 3413 1275 3454 esse
1285 3394 1384 3454 Aeoli-

300 3520 367 3561 cnm
390 3491 455 3576 ἆρι-
474 3497 610 3557 Ionicum
630 3498 804 3574 praefixum,
827 3517 1006 3578 quamquam
1023 3498 1147 3558 Aeolica
1162 3497 1305 3556 dialectus
1325 3497 1384 3556 for·

300 3597 379 3664 mam
391 3621 454 3661 nun
475 3599 653 3676 subpeditat
675 3631 717 3642 -
745 3599 901 3676 Leguntur
920 3606 1020 3661 antem
1040 3600 1130 3659 haec:
1157 3599 1187 3677 a)
1208 3604 1276 3676 post
1289 3599 1382 3675 heph-

299 3702 505 3763 themimerin:
529 3693 700 3779 ἐριαύχενας
713 3697 829 3772 ῗπιιους
843 3703 881 3760 15
895 3706 965 3760 505.
981 3703 1013 3760 P.
1025 3707 1096 3762 496.
1114 3701 1152 3760 Σ.
1164 3705 1235 3760 280.
1259 3701 1298 3760 Ψ.
1316 3701 1381 3760 171.

301 3799 466 3885 ἐριαύχενες
493 3799 582 3862 lnam
604 3804 644 3860 A.
664 3807 732 3861 159.
753 3837 797 3847 —-
840 3799 954 3882 ἐρίηρες
981 3799 1092 3882 ἕτοῖροι
1115 3804 1147 3862 Γ.
1164 3803 1234 3862 378.
1259 3800 1293 3860 Θ.
1312 3806 1381 3862 332.

302 3907 342 3966 Ν.
358 3911 429 3968 ιιι.
458 3908 496 3964 Ψ.
513 3912 542 3964 5.
565 3925 585 3964 ι.
606 3907 674 3966 172.
692 3911 761 3963 555.
784 3925 811 3964 ι.
830 3887 1117 3982 4755195557'.
1136 3903 1242 3976 cece.
1265 3899 1382 3983 ἐρίηρας

236 4053 242 4070 .
300 4005 435 4088 ἑταίρους
456 4029 476 4068 ι.
493 4014 562 4068 100.
585 4012 654 4067 198.
674 4026 702 4066 ιι.
721 4008 791 4067 387.
810 4013 882 4069 406.
902 4013 973 4067 408.
999 4005 1023 4079 ξ.
1039 4012 1111 4066 259.
1133 4027 1160 4086 ρ.
1178 4010 1249 4065 428.
1271 4025 1295 4062 ε.
1312 4006 1380 4064 273.

301 4105 450 4192 (helpone)
472 4105 593 4189 ἐρίηρας
607 4101 727 4189 ιἰγείροις
743 4109 775 4167 Γ.
791 4113 842 4170 47.
857 4106 974 4190 ἐρίηρος
990 4105 1105 4189 ἓιοιῖρος
1121 4110 1157 4167 Δ.
1170 4113 1241 4167 266.
1264 4104 1381 4186 ἐρίηρον

300 4205 407 4274 ιἰοιῦὁν
420 4234 449 4271 ο.
462 4217 533 4270 346.
548 4216 582 4271 θ.
595 4218 645 4272 62.
656 4212 715 4271 471
731 4211 790 4287 ¹⁹).
802 4246 846 4258 --
862 4211 967 4290 Φθίην
978 4209 1121 4290 ἐρίβωλον
1135 4207 1256 4286 ίιιοίμην
1272 4209 1297 4266 1.
1310 4213 1378 4266 363.

371 4344 412 4410 18)
429 4348 485 4396 Vox
503 4347 534 4395 cd
551 4348 653 4397 candem
671 4349 779 4397 radicem
791 4339 833 4413 α’ρ·
851 4349 957 4410 pertinet
973 4347 1052 4409 (Cart.
1064 4360 1087 4406 p.
1101 4347 1170 4407 317),
1188 4344 1256 4392 cuius
1266 4341 1378 4390 formatio
