3114 4994
823 456 886 520 142

310 602 554 689 ἀπουρίσσουσιν,
574 609 657 689 quod
671 611 701 669 0.
719 610 1014 670 muneraremur
1035 611 1067 670 in
1089 612 1134 671 ed.
1150 613 1219 674 libr.
1237 611 1276 674 Φ.
1297 614 1337 674 X.
1355 563 1397 674 II.¹

217 703 220 712 ’
310 734 340 791 p.
355 717 394 770 99
410 710 551 783 defendit,
573 729 704 771 nnmmee
719 731 784 771 ereo
799 712 913 772 uelutis.
928 745 972 756 —
992 713 1155 789 Egregium
1169 715 1290 794 quidem
1303 717 1394 776 doou·

309 818 443 874 mentum
465 813 607 874 Aeoliemi
627 814 781 874 Homerici
802 833 908 876 vooem
928 816 966 874 de
987 834 1047 895 que
1071 816 1119 890 egi
1140 818 1309 876 habendum
1331 838 1395 881 eree

310 916 457 988 diiudioo,
485 916 518 975 in
541 934 600 994 que
620 916 775 994 perepicuo
796 917 917 977 videtur
938 936 997 996 quo
1019 917 1113 978 'modo
1135 920 1315 978 Homer-idue
1335 922 1396 980 for-

305 1019 422 1078 mulam
450 1037 539 1097 quom
567 1037 629 1077 uon
657 1024 845 1095 perspectam
871 1019 1042 1079 habueruut
1070 1021 1282 1094 inoleverint3
1316 1021 1395 1101 quod

284 1107 409 1180 'eutem
435 1111 558 1196 ἐπηύρω
586 1120 619 1178 in
646 1125 723 1180 eunt.
750 1122 831 1197 upud
858 1120 999 1198 Aeuohyl.
1027 1123 1108 1182 Pero.
1137 1142 1168 1183 v.
1187 1128 1257 1182 949.
1289 1123 1393 1202 Eurip.

308 1224 404 1284 Andr.
424 1244 454 1284 v.
472 1227 563 1281 1029.
585 1220 626 1298 (v.
639 1222 751 1281 Buttm.
766 1222 890 1282 lexil.1.
907 1243 937 1300 p.
951 1228 1001 1282 80.
1019 1243 1049 1283 n.
1062 1223 1095 1301 9)
1115 1223 1234 1298 legitur,
1256 1243 1320 1284 non
1342 1226 1394 1284 du·

307 1325 371 1385 bito
400 1325 432 1383 id
458 1325 496 1384 ed
526 1322 724 1382 imitationem
744 1325 922 1384 Homerioee
951 1323 1131 1385 elocutionis
1158 1326 1280 1401 trugioie
1306 1327 1394 1392 vuldo

306 1427 485 1486 familiarem
505 1426 627 1484 referre.

398 1528 449 1604 12)
471 1529 542 1587 Gnm
571 1527 603 1585 in
631 1527 798 1586 Homerioie
827 1528 1006 1588 oorminibue
1035 1548 1091 1606 pro
1119 1529 1230 1590 unitutu
1256 1529 1393 1606 longiore

307 1630 519 1690 terminatione
540 1644 610 1686 -oov
631 1629 798 1714 eexoentiee
819 1634 887 1702 tort.
910 1651 989 1708 perr.
1010 1630 1086 1708 plur.
1109 1636 1204 1708 pruet.
1226 1632 1308 1690 in.-v
1329 1634 1393 1692 exi·

261 1715 273 1738 ⁶
308 1737 393 1792 rent:
415 1725 570 1806 κόσμηθεν
590 1723 745 1806 ἐφόβηθεν
762 1725 914 1806 σήκασθεν
935 1725 1063 1812 ἄγερθεν
1084 1725 1177 1808 δάμεν
1198 1724 1266 1792 ἄλεν
1283 1727 1393 1810 βλάβεν

308 1831 382 1910 ἔβαν
402 1830 490 1892 ἔσταν
506 1838 571 1904 eto,
594 1833 779 1907 grammatici
800 1835 834 1892 in
851 1833 889 1892 iir
905 1834 1046 1894 nimirum
1068 1853 1219 1912 syncopen
1238 1854 1328 1914 quem
1343 1855 1393 1896 ene

306 1955 379 2014 pree
393 1935 501 1996 oeterio
521 1938 610 1997 rebus
631 1935 664 1994 in
679 1935 793 1995 delioiie
808 1936 948 1996 habuitne
969 1937 1077 1996 enimus
1092 1936 1232 1997 viderunt
1253 1938 1393 1999 diversis·

306 2059 364 2119 que
387 2037 521 2098 dieleotio
548 2039 659 2098 formes
680 2036 855 2098 Homericos
874 2038 1028 2101 rindioure
1056 2039 1233 2110 studuerunt
1253 2041 1393 2100 Aeolidae

305 2141 465 2200 Boeotiooe
484 2140 612 2200 Dorioue
640 2140 771 2200 Iouioae.
819 2141 869 2200 Βία
897 2160 923 2200 e.
946 2161 975 2215 g.
1005 2133 1161 2216 κόσμηθεν
1189 2141 1282 2202 oohol.
1309 2141 1342 2200 Γ.
1365 2147 1390 2202 1.

304 2243 449 2302 Dorioum
465 2242 532 2316 fnit,
555 2246 659 2301 oontre
677 2241 770 2300 eohol.
786 2242 825 2301 ud
840 2244 965 2303 Theoor.
983 2245 1011 2316 7,
1028 2249 1068 2302 60
1090 2244 1133 2322 (v.
1149 2243 1259 2303 Goettl.
1276 2244 1313 2302 de
1330 2263 1390 2304 eoo.

305 2363 335 2422 p.
353 2351 401 2404 69.
424 2345 499 2406 Ahr.
514 2345 555 2403 11.
578 2365 606 2421 p.
625 2349 674 2402 29.
697 2363 726 2402 n.
743 2345 775 2421 9)
798 2343 841 2402 eie
862 2345 1017 2418 adnotavit
1039 2345 1077 2404 ed
1098 2341 1254 2418 ἒφίλαθεν·
1277 2341 1339 2411 ἔστι
1361 2340 1392 2403 dl

305 2440 449 2506 Αἰολικὸν
465 2437 507 2516 ω’ς·
522 2442 571 2504 καὶ
588 2438 621 2504 ori
638 2437 818 2520 ἐκόσμηθεν,
840 2447 950 2506 rentiur
967 2467 1090 2522 gramm.
1105 2447 1138 2506 in
1155 2448 1204 2506 ut.
1218 2449 1260 2506 M.
1276 2468 1307 2525 p.
1320 2447 1391 2520 532,

306 2556 345 2608 32
368 2549 527 2609 iudiouvit:
548 2538 567 2605 o‘
590 2537 728 2622 ἀόριστος
749 2540 962 2624 §.coeptoque-a
982 2581 1017 2594 -
1035 2551 1173 2631 συγκοπῇ
1190 2548 1301 2626 γίνεται
1321 2543 1391 2608 κόσ·

308 2654 420 2726 μηθεν·
443 2641 556 2725 ὁμοίως
576 2641 610 2708 tri
629 2641 742 2725 τράφεν
760 2651 908 2726 Δωρικῶς
925 2647 975 2707 καὶ
993 2644 1135 2721 Ἰωνικοῖς
1155 2648 1205 2710 καὶ
1226 2643 1264 2710 rol
1284 2644 1391 2727 ὅμοια·

228 2759 230 2764 ’
306 2746 487 2827 ἐφάνθησαν
515 2745 566 2809 καὶ
594 2752 760 2827 ποιητικῶς
787 2743 808 2827 ἢ
836 2748 985 2820 Αἰσλικῶς
1013 2745 1035 2826 ἢ
1064 2754 1209 2832 Δωρικῶς
1239 2745 1389 2827 φάανθεν.

304 2855 365 2916 Sed
386 2853 517 2914 suffioiut
536 2852 662 2912 leotoree
684 2852 710 2910 ei
732 2853 784 2932 qui
806 2854 867 2913 eint
888 2839 1099 2914 remittero'ed
1121 2873 1157 2912 ee
1179 2873 1255 2934 quoe
1272 2855 1391 2914 Ahren·

305 2958 368 3016 eine
385 2959 411 3016 Ι.
431 2977 461 3034 p.
479 2961 550 3014 211.
567 2975 596 3014 n.
612 2961 640 3014 6.
664 2955 704 3014 II.
723 2956 794 3014 317.
817 2977 846 3014 n.
863 2957 892 3014 7.
914 2962 948 3014 et
961 2957 1105 3016 Lentuiue
1120 2958 1158 3015 ud
1175 2957 1247 3016 Her.
1265 2975 1298 3014 rr.
1314 2961 1390 3016 παθ.

305 3061 343 3118 fr.
360 3058 421 3116 273
444 3077 475 3130 ο,
492 3058 534 3116 11.
557 3077 585 3134 p.
603 3062 675 3116 264.
698 3077 715 3115 e
735 3057 829 3119 vasus
850 3057 1027 3117 eruditionis
1044 3058 1253 3132 grummutiooe
1274 3059 1392 3118 horreis

306 3163 525 3234 suggesserunt.
571 3159 733 3224 Quaerenti
753 3158 847 3234 igitur
868 3159 952 3218 ouius
973 3147 1140 3220 sententiae
1161 3179 1266 3226 munus
1288 3161 1391 3220 demus

305 3261 479 3340 respondeo·
494 3265 547 3320 out
563 3279 665 3320 omnen
686 3265 739 3320 ont
759 3261 875 3320 nullum
888 3265 970 3320 reete
990 3260 1150 3334 iudiearem
1172 3263 1300 3322 ebenrde
1318 3281 1390 3324 vero

304 3364 455 3426 Ameieiue
476 3383 506 3440 p.
524 3367 562 3420 52
593 3361 659 3422 illue
680 3359 839 3425 Boeotieee
861 3362 987 3422 dieleoto
1015 3362 1191 3438 adsignavit.
1233 3365 1391 3438 Leguntur

304 3486 377 3526 runo
399 3471 430 3525 et
449 3465 603 3526 breviores
621 3469 652 3524 et
668 3465 818 3539 longiores
830 3464 1058 3526 terminationes
1077 3465 1110 3524 iu
1127 3465 1256 3524 Aeolide
1273 3467 1316 3542 (v.
1331 3467 1390 3526 Lo·

304 3569 388 3628 beolr.
408 3569 448 3627 ud
463 3567 575 3627 Buttm.
595 3567 637 3626 11.
660 3587 688 3643 p.
707 3571 753 3626 13.
777 3569 851 3628 Ahr.
867 3567 897 3626 I:
914 3587 945 3644 p.
965 3571 1033 3627 144.
1055 3567 1098 3626 ΙΙ.
1120 3587 1149 3644 p.
1167 3567 1249 3643 512),
1269 3567 1342 3626 illue
1358 3568 1390 3627 in

303 3671 416 3730 Doride
439 3669 492 3747 (H.
514 3689 544 3746 p.
560 3670 650 3745 317),
679 3673 787 3728 neutro
814 3669 847 3727 in
873 3669 1016 3729 Boeotioa
1042 3669 1170 3728 dieleoto
1197 3669 1235 3747 (I.
1257 3691 1287 3747 p.
1305 3671 1389 3747 211).

302 3773 465 3836 Enimvero
488 3770 659 3830 terminatio
680 3791 712 3828 -ν
733 3771 896 3849 simplioior
924 3791 1016 3851 enque
1039 3789 1115 3851 quoe
1139 3786 1223 3830 -εσον
1244 3775 1291 3830 est
1312 3770 1389 3830 unti-

303 3875 401 3954 quior,
424 3879 493 3933 onte
512 3891 599 3953 quom
619 3893 685 3932 oum
706 3873 739 3931 in
757 3873 817 3932 fine
832 3873 939 3932 fideret
954 3873 1152 3952 antiquituov
1172 3871 1263 3946 louge
1278 3871 1390 3933 vooulie

304 3975 378 4034 ulier
408 3981 583 4036 conservate
609 3981 644 4035 ut
665 3995 782 4052 semper
803 3977 939 4053 oorrepto
968 3982 1015 4036 eet
1044 3975 1085 4053 (v.
1102 3975 1177 4034 Ahr.
1203 3973 1279 4032 ooui.
1302 3973 1336 4032 in
1357 3993 1389 4048 μι

303 4097 333 4154 p.
351 4081 398 4136 10.
421 4078 464 4136 ΙΙ.
485 4097 516 4154 p.
532 4081 582 4136 29.
614 4078 748 4137 Curtium
769 4078 805 4136 do
822 4083 945 4156 tempor.
968 4083 1000 4138 et
1015 4077 1093 4136 mod.
1114 4096 1143 4154 p.
1159 4075 1231 4134 273.
1254 4075 1291 4134 de
1306 4077 1387 4136 verb.

304 4177 333 4254 p.
347 4181 414 4237 143.
433 4183 504 4239 195.
527 4178 635 4241 (ihriet.
649 4200 678 4256 p.
693 4183 742 4237 89.
761 4183 800 4236 92
812 4211 815 4216 -
829 4179 954 4238 Meister
969 4179 1051 4240 end.
1068 4179 1121 4240 IV.
1137 4199 1167 4256 p.
1180 4177 1255 4254 420)
1269 4179 1389 4254 praeter

304 4277 482 4354 Delphinum
510 4272 666 4355 ἄπελύθην
693 4280 751 4359 (up.
774 4281 919 4342 Weeohor
945 4286 976 4342 et
997 4281 1134 4340 Fouourt.
1157 4282 1329 4351 n.254,1,
1358 4299 1386 4338 v.
