3114 4994
698 457 759 522 147

216 675 244 756 §.
268 683 318 736 20.
361 676 413 736 De
436 678 636 738 adverbiis
657 679 868 756 particulis
892 682 1236 743 coniunctionibus.

270 814 300 891 1)
323 814 419 892 Supra
439 813 500 874 ism
521 812 561 894 (ἓ.
580 819 608 873 8.
630 815 655 874 Ι.
678 816 707 892 1)
729 814 811 875 inter
831 817 973 878 adverbis
995 820 1138 896 temporis
1160 826 1191 880 et
1211 821 1269 881 looi

181 915 215 974 in
237 915 345 995 quibus
374 915 464 990 vulgo
492 935 511 972 α
538 915 571 974 in
599 934 613 973 ε
640 916 828 976 debilitatum
858 922 904 978 est
931 911 1051 980 ὕπαιθα
1077 921 1205 982 fortasse
1234 924 1272 982 ad

181 1017 335 1078 Aeolioem
357 1017 601 1078 consuetudinem
622 1018 815 1093 relegandum
834 1039 898 1080 esse
920 1019 1028 1095 sdnui3
1050 1021 1109 1082 alia
1127 1023 1271 1086 eiusmodi

182 1137 344 1198 numqaum
364 1118 563 1196 reperiuntur.

255 1221 300 1298 Β)
322 1220 594 1298 Hypothetieerum
609 1221 821 1296 particularum
843 1243 965 1284 munere
986 1223 1020 1284 in
1035 1224 1149 1286 Graeoa
1168 1226 1272 1302 lingua

183 1323 259 1382 dnse
286 1321 367 1380 inter
396 1341 428 1380 se
455 1321 591 1382 diversae
621 1323 734 1384 formae
764 1326 984 1398 fungebantur:
1018 1318 1056 1384 dv
1084 1327 1117 1386 in
1146 1327 1271 1388 dialecto

180 1423 284 1484 Attius
304 1435 335 1482 et
354 1423 459 1482 Ionios
479 1415 518 1482 ari
540 1423 572 1482 in
588 1423 715 1484 Doriois.
758 1426 922 1486 Aeolenses
942 1447 1014 1487 vero
1036 1429 1115 1488 hone
1136 1427 1273 1490 vooulsm

180 1526 253 1586 trite
267 1525 431 1586 mutatione
446 1526 559 1587 vooelis
574 1519 606 1584 κὲ
622 1527 813 1603 protulerunt
831 1529 910 1607 quod
928 1547 1044 1606 semper
1059 1534 1158 1590 exstet
1178 1535 1268 1611 utque

180 1627 272 1687 etiem
291 1633 361 1686 ente
389 1626 506 1688 rooales
537 1626 577 1704 (v.
596 1628 670 1688 Ahr.
688 1629 714 1687 1.
736 1648 766 1706 p.
785 1634 854 1690 156.
875 1629 943 1707 45);
973 1635 1073 1690 tamen
1103 1631 1204 1692 neseio
1232 1651 1271 1692 an

178 1729 217 1788 iis
236 1730 334 1790 torma
347 1722 397 1788 aiv
412 1729 502 1788 etium
521 1728 702 1790 vindicando
723 1730 771 1800 sit,
793 1731 845 1790 ubi
860 1731 1040 1809 primigenia
1061 1731 1172 1792 nasalis
1194 1753 1269 1794 non·

179 1833 249 1890 dnm
263 1837 310 1892 est
324 1830 439 1890 abieota
454 1830 495 1907 (v.
511 1830 623 1891 Buttm.
638 1832 664 1892 1.
679 1851 708 1909 p.
725 1837 773 1890 93.
797 1832 836 1892 H.
848 1833 969 1892 Weber.
985 1832 1020 1891 de
1035 1833 1141 1911 partie.
1157 1835 1269 1898 Dorioa

178 1953 218 1992 sse
238 1954 268 2011 p.
288 1933 357 2010 16);
381 1951 451 1992 nem
473 1933 603 2000 Graeoee
624 1933 737 1992 formae
758 1935 796 1992 ab
819 1933 955 1993 sanserit.
984 1934 1052 1992 kam
1074 1933 1268 2016 descendunt.

118 2061 122 2066 ’
179 2035 267 2100 Quod
288 2039 387 2094 autem
408 2034 555 2094 Weberus
576 2055 606 2111 p.
625 2034 661 2093 17
686 2034 831 2094 Graeoum
854 2026 910 2094 adv
938 2034 971 2094 in
1000 2033 1088 2094 titulo
1110 2033 1268 2108 Tegeatioo

178 2137 221 2215 (v.
238 2136 325 2196 Ishn.
342 2154 413 2196 ann.
429 2155 458 2196 v.
474 2140 521 2196 83.
538 2156 568 2213 p.
583 2140 644 2194 586
657 2134 714 2216 sq.)
737 2136 911 2196 recentioris
928 2135 1043 2208 aetatis,
1065 2135 1098 2194 in
1120 2155 1179 2215 quo
1201 2156 1270 2215 par·

177 2237 271 2298 tioula
292 2229 330 2296 dv
350 2236 592 2316 frequentissimo
614 2242 672 2310 est,
703 2241 751 2296 ter
772 2237 1002 2314 deprehendisse
1024 2235 1080 2296 sibi
1109 2237 1192 2297 visus
1214 2243 1268 2312 est,

177 2342 236 2400 hoo
257 2338 386 2400 maxime
408 2338 494 2400 valde
516 2338 620 2398 mirari
642 2339 730 2412 subit,
754 2341 834 2418 quod
854 2340 887 2398 in
909 2337 993 2398 nulla
1015 2335 1142 2398 dialeoto
1161 2339 1193 2398 in
1218 2359 1270 2400 ora

177 2441 333 2502 hominum
361 2440 483 2514 vigente
514 2445 641 2520 utreque
669 2440 817 2518 partioula
845 2441 935 2502 simul
964 2442 1074 2504 usitata
1102 2440 1176 2514 nit,
1210 2459 1269 2520 quo

178 2542 296 2603 adsedit
317 2542 397 2622 quod
417 2543 588 2620 ubimnque
611 2533 651 2600 ari
672 2542 721 2603 vel
736 2536 769 2602 si
790 2542 823 2602 in
837 2561 895 2604 usu
917 2549 981 2602 erat
1002 2543 1092 2604 etism
1113 2539 1147 2600 αἰ
1165 2561 1220 2619 pro
1243 2538 1271 2602 εἰ

179 2641 214 2704 oi
231 2663 271 2704 aa
290 2643 341 2706 vel
362 2640 397 2702 αἴ
415 2661 449 2702 κε
469 2661 524 2720 pro
547 2633 599 2702 sev
620 2639 661 2720 (sl
677 2634 726 2719 dv)
749 2644 917 2720 exspeotari
938 2645 1041 2718 debet3
1065 2650 1189 2721 propter
1210 2645 1267 2703 hos

168 2746 273 2821 ‘igitur
294 2744 448 2823 serupulos
465 2763 539 2822 paee
559 2745 761 2823 praeceptoris
781 2746 841 2806 mei
857 2745 1067 2822 spectatissimi
1089 2765 1154 2806 eam
1175 2745 1269 2806 retio-

180 2867 250 2908 nsm
270 2849 397 2926 prebere
418 2846 521 2906 malim
543 2865 602 2926 qua
623 2847 829 2906 Kirohhoffius
858 2839 916 2906 adv
937 2848 1036 2908 orasin
1058 2865 1122 2906 esse
1142 2866 1197 2925 pro
1218 2841 1271 2906 sat

180 2941 219 3010 dv
239 2949 353 3030 statuit
396 2947 500 3008 Solum
522 2948 555 3008 in
576 2949 745 3008 Homericis
767 2948 948 3008 oerminibus
968 2953 1058 3026 prout
1080 2948 1168 3010 metri
1190 2966 1269 3012 eom·

180 3050 307 3112 modites
327 3051 498 3129 postulobet
519 3055 638 3128 praeter
665 3041 702 3110 dv
723 3051 814 3110 etium
836 3044 886 3110 aiv
908 3045 941 3108 κὲ
963 3044 991 3108 κ’
1026 3049 1197 3126 saepissime
1219 3049 1269 3108 nd·

180 3152 305 3212 missum
319 3156 372 3225 est,
395 3154 473 3212 unde
488 3156 593 3229 poetae
608 3153 692 3213 velut
706 3152 831 3214 Aleman
854 3143 904 3231 (siv
920 3151 957 3210 ef.
975 3153 1012 3211 ir.
1030 3157 1079 3212 42.
1098 3155 1148 3225 49,
1171 3156 1270 3214 tamen

180 3254 240 3316 vid.
258 3255 420 3314 Weberum
438 3274 466 3330 p.
485 3256 539 3332 97)
564 3261 595 3314 et
616 3254 764 3314 Pindarus
786 3252 979 3330 (reeentiores
1002 3271 1082 3312 nuno
1104 3272 1165 3313 non
1187 3255 1270 3331 earo)

180 3356 305 3416 eandem
325 3355 494 3416 libertatem
511 3356 568 3416 sibi
583 3355 786 3433 adripuerunt
831 3356 889 3415 Sed
904 3354 1122 3435 anquirendum
1137 3358 1182 3414 est
1198 3354 1270 3432 qnid

181 3458 218 3517 de
239 3457 393 3516 Homerioi
420 3478 492 3517 usus
519 3457 713 3532 ambiguitate
742 3462 897 3518 statuatur.
941 3456 1130 3516 Exstiterent
1157 3453 1271 3515 seilicet

181 3558 231 3639 qni
255 3563 443 3618 autumarent
464 3559 713 3632 signifieationem
736 3579 799 3618 esse
822 3559 970 3619 diversam
992 3563 1027 3616 ut
1047 3577 1073 3615 e.
1091 3575 1119 3629 gi
1135 3557 1170 3614 R.
1190 3556 1269 3615 Mer·

180 3659 276 3722 kelius
297 3660 331 3720 in
355 3680 423 3722 nov.
447 3663 523 3722 Mus.
546 3662 641 3720 Rhen.
665 3679 691 3722 e.
713 3665 803 3720 1848.
834 3661 1037 3720 demonstrare
1066 3656 1186 3716 molitus
1209 3662 1268 3731 ests

181 3761 233 3824 aed
255 3761 382 3822 absurda
404 3767 450 3820 est
465 3761 565 3837 opinio
583 3767 617 3820 ut
638 3783 676 3822 ne
690 3763 782 3823 verbo
799 3761 917 3840 quidem
937 3779 972 3818 ea
985 3760 1133 3818 refutetur
1149 3777 1269 3818 neeesse

181 3862 230 3924 sit.
273 3864 380 3943 Itaque
401 3863 461 3924 nisi
484 3863 612 3940 suspicio
635 3863 799 3940 probabilis
829 3862 977 3924 iudioetur
999 3861 1123 3940 antique
1148 3860 1269 3934 lingrrae

181 3968 279 4026 astate
309 3965 381 4026 dues
408 3965 519 4024 formos
548 3965 586 4025 ad
616 3965 739 4024 eandem
767 3964 829 4025 vim
857 3963 1081 4041 exprimendam
1102 3962 1269 4039 promissus

181 4070 299 4144 praesto
321 4066 423 4139 irrisae,
445 4066 604 4128 disorimsn
626 4065 670 4126 ita
685 4067 856 4143 ponendum
878 4068 924 4126 est
944 4069 979 4124 ut
998 4065 1037 4124 od
1055 4063 1186 4127 diversas
1209 4062 1270 4122 die·

181 4167 274 4228 lootos
303 4185 355 4230 eae
376 4169 555 4243 relegentur.
599 4168 683 4230 Vidit
704 4174 802 4231 eutem
829 4169 861 4228 id
882 4167 1057 4244 Spitansrns
1082 4166 1120 4226 sd
1142 4166 1180 4224 E.
1198 4167 1268 4226 278.

182 4267 337 4348 (Θ.196);
368 4271 419 4330 sed
447 4271 524 4331 male
551 4271 622 4332 feeit
652 4272 731 4350 quod
760 4265 793 4332 ai
820 4269 897 4332 dixit
917 4269 1052 4330 Ionicum
1080 4257 1118 4330 dv
1140 4268 1270 4328 Atticam

1000 4363 1067 4428 ιο*
