<?xml version="1.0" encoding="UTF-8"?>
<!DOCTYPE html PUBLIC "-//W3C//DTD XHTML 1.0 Transitional//EN"
    "http://www.w3.org/TR/xhtml1/DTD/xhtml1-transitional.dtd">
<html xmlns="http://www.w3.org/1999/xhtml" xml:lang="en" lang="en">
 <head>
  <title>
</title>
<meta http-equiv="Content-Type" content="text/html;charset=utf-8" />
  <meta name='ocr-system' content='tesseract 3.04.00' />
  <meta name='ocr-capabilities' content='ocr_page ocr_carea ocr_par ocr_line ocrx_word'/>
</head>
<body>
  <div class='ocr_page' id='page_1' title='image "./dehomericaeeloc01hinrgoog_0076.png"; bbox 0 0 3092 4996; ppageno 0'>
   <div class='ocr_carea' id='block_1_1' title="bbox 680 465 722 532">
    <p class='ocr_par' dir='ltr' id='par_1_1' title="bbox 680 465 722 532">
     <span class='ocr_line' id='line_1_1' title="bbox 680 465 722 532; baseline 0 0"><span class='ocrx_word' id='word_1_1' title='bbox 680 465 722 532; x_wconf 83' lang='lat'><strong>65</strong></span> 
     </span>
    </p>
   </div>
   <div class='ocr_carea' id='block_1_2' title="bbox 156 615 1333 3360">
    <p class='ocr_par' dir='ltr' id='par_1_2' title="bbox 156 615 1333 3360">
     <span class='ocr_line' id='line_1_2' title="bbox 165 615 1245 702; baseline 0.004 -24"><span class='ocrx_word' id='word_1_2' title='bbox 165 617 273 700; x_wconf 89' lang='grc' dir='ltr'><strong><em>Τροίην</em></strong></span> <span class='ocrx_word' id='word_1_3' title='bbox 291 615 434 697; x_wconf 95' lang='grc' dir='ltr'><strong><em>ἐρίβωλον</em></strong></span> <span class='ocrx_word' id='word_1_4' title='bbox 448 618 549 682; x_wconf 83' lang='grc' dir='ltr'><strong><em>λ’κοντο</em></strong></span> <span class='ocrx_word' id='word_1_5' title='bbox 567 623 602 683; x_wconf 83' lang='grc' dir='ltr'><strong>Σ.</strong></span> <span class='ocrx_word' id='word_1_6' title='bbox 618 624 667 684; x_wconf 93' lang='grc'><strong>67.</strong></span> <span class='ocrx_word' id='word_1_7' title='bbox 696 621 806 702; x_wconf 92' lang='grc' dir='ltr'><strong><em>Τροίην</em></strong></span> <span class='ocrx_word' id='word_1_8' title='bbox 819 618 960 702; x_wconf 89' lang='grc' dir='ltr'><strong><em>ἐρίβωλον</em></strong></span> <span class='ocrx_word' id='word_1_9' title='bbox 975 618 1102 700; x_wconf 85' lang='grc' dir='ltr'><strong><em>ίκέοθην</em></strong></span> <span class='ocrx_word' id='word_1_10' title='bbox 1122 624 1161 682; x_wconf 82' lang='grc' dir='ltr'><strong>Ψ.</strong></span> <span class='ocrx_word' id='word_1_11' title='bbox 1173 627 1245 682; x_wconf 99' lang='grc'><strong>215.</strong></span> 
     </span>
     <span class='ocr_line' id='line_1_3' title="bbox 160 718 1246 809; baseline 0.006 -29"><span class='ocrx_word' id='word_1_12' title='bbox 160 721 284 803; x_wconf 81' lang='grc' dir='ltr'><strong><em>Σηερίην</em></strong></span> <span class='ocrx_word' id='word_1_13' title='bbox 317 719 458 799; x_wconf 79' lang='grc' dir='ltr'><strong><em>ἐρίβωλον</em></strong></span> <span class='ocrx_word' id='word_1_14' title='bbox 487 722 582 785; x_wconf 76' lang='grc' dir='ltr'><strong><em>ἵκοιτο</em></strong></span> <span class='ocrx_word' id='word_1_15' title='bbox 614 744 636 784; x_wconf 87' lang='grc' dir='ltr'><strong>ε.</strong></span> <span class='ocrx_word' id='word_1_16' title='bbox 655 731 704 786; x_wconf 87' lang='grc'><strong>84.</strong></span> <span class='ocrx_word' id='word_1_17' title='bbox 737 718 844 809; x_wconf 80' lang='grc' dir='ltr'><strong><em>οκιώση</em></strong></span> <span class='ocrx_word' id='word_1_18' title='bbox 873 719 903 783; x_wconf 91' lang='grc' dir='ltr'><strong>δ’</strong></span> <span class='ocrx_word' id='word_1_19' title='bbox 937 721 1079 805; x_wconf 85' lang='grc' dir='ltr'><strong><em>ἐρίβωλον</em></strong></span> <span class='ocrx_word' id='word_1_20' title='bbox 1111 719 1246 807; x_wconf 79' lang='grc' dir='ltr'><strong><em>ἄρουραν</em></strong></span> 
     </span>
     <span class='ocr_line' id='line_1_4' title="bbox 161 826 1245 906; baseline 0.004 -21"><span class='ocrx_word' id='word_1_21' title='bbox 161 826 197 885; x_wconf 85' lang='grc' dir='ltr'><strong>Φ.</strong></span> <span class='ocrx_word' id='word_1_22' title='bbox 214 831 290 899; x_wconf 86' lang='grc'><strong>282,</strong></span> <span class='ocrx_word' id='word_1_23' title='bbox 314 845 402 906; x_wconf 87' lang='lat' dir='ltr'><strong>qoam</strong></span> <span class='ocrx_word' id='word_1_24' title='bbox 424 827 579 887; x_wconf 86' lang='lat' dir='ltr'><strong>formulam</strong></span> <span class='ocrx_word' id='word_1_25' title='bbox 591 833 634 904; x_wconf 50' lang='lat' dir='ltr'><strong>,et</strong></span> <span class='ocrx_word' id='word_1_26' title='bbox 654 829 753 888; x_wconf 87' lang='lat' dir='ltr'><strong>sedem</strong></span> <span class='ocrx_word' id='word_1_27' title='bbox 774 833 927 888; x_wconf 78' lang='lat' dir='ltr'><strong>mutarunt</strong></span> <span class='ocrx_word' id='word_1_28' title='bbox 947 829 1126 889; x_wconf 75' lang='lat' dir='ltr'><strong>recentiores</strong></span> <span class='ocrx_word' id='word_1_29' title='bbox 1148 829 1245 889; x_wconf 87' lang='lat' dir='ltr'><strong>imita·</strong></span> 
     </span>
     <span class='ocr_line' id='line_1_5' title="bbox 157 921 1245 1010; baseline 0 -20"><span class='ocrx_word' id='word_1_30' title='bbox 157 935 236 990; x_wconf 82' lang='lat' dir='ltr'><strong>teres</strong></span> <span class='ocrx_word' id='word_1_31' title='bbox 260 929 285 988; x_wconf 86' lang='lat'><strong>1.</strong></span> <span class='ocrx_word' id='word_1_32' title='bbox 303 933 364 987; x_wconf 87' lang='grc'><strong>929</strong></span> <span class='ocrx_word' id='word_1_33' title='bbox 388 921 463 988; x_wconf 78' lang='grc' dir='ltr'><strong><em>κακοί</em></strong></span> <span class='ocrx_word' id='word_1_34' title='bbox 491 928 601 1007; x_wconf 88' lang='grc' dir='ltr'><strong><em>Τροίην</em></strong></span> <span class='ocrx_word' id='word_1_35' title='bbox 624 927 765 1010; x_wconf 73' lang='grc' dir='ltr'><strong><em>ἐρίβωλον</em></strong></span> <span class='ocrx_word' id='word_1_36' title='bbox 791 929 823 990; x_wconf 91' lang='lat' dir='ltr'><strong>in</strong></span> <span class='ocrx_word' id='word_1_37' title='bbox 845 930 905 989; x_wconf 84' lang='lat' dir='ltr'><strong>fine</strong></span> <span class='ocrx_word' id='word_1_38' title='bbox 927 935 958 990; x_wconf 91' lang='lat' dir='ltr'><strong>et</strong></span> <span class='ocrx_word' id='word_1_39' title='bbox 982 930 1020 990; x_wconf 86' lang='grc' dir='ltr'><strong>Φ.</strong></span> <span class='ocrx_word' id='word_1_40' title='bbox 1044 936 1103 990; x_wconf 91' lang='grc'><strong>154</strong></span> <span class='ocrx_word' id='word_1_41' title='bbox 1126 922 1188 1006; x_wconf 74' lang='grc' dir='ltr'><strong><em>εἴμ’</em></strong></span> <span class='ocrx_word' id='word_1_42' title='bbox 1212 927 1245 990; x_wconf 90' lang='grc' dir='ltr'><strong>ἐκ</strong></span> 
     </span>
     <span class='ocr_line' id='line_1_6' title="bbox 161 1022 1245 1113; baseline 0.002 -25"><span class='ocrx_word' id='word_1_43' title='bbox 161 1031 308 1108; x_wconf 85' lang='grc' dir='ltr'><strong><em>Παιονίης</em></strong></span> <span class='ocrx_word' id='word_1_44' title='bbox 323 1022 467 1108; x_wconf 86' lang='grc' dir='ltr'><strong><em>ἐριβώλρυ</em></strong></span> <span class='ocrx_word' id='word_1_45' title='bbox 478 1065 513 1078; x_wconf 92' lang='grc'>-</span> <span class='ocrx_word' id='word_1_46' title='bbox 524 1032 707 1106; x_wconf 76' lang='lat' dir='ltr'><strong>adhibentes,</strong></span> <span class='ocrx_word' id='word_1_47' title='bbox 724 1066 758 1078; x_wconf 89' lang='lat'><em>-</em></span> <span class='ocrx_word' id='word_1_48' title='bbox 773 1031 855 1090; x_wconf 77' lang='grc' dir='ltr'><strong><em>θεῶν</em></strong></span> <span class='ocrx_word' id='word_1_49' title='bbox 875 1027 1012 1110; x_wconf 76' lang='grc' dir='ltr'><strong>ἐρικυδέα</strong></span> <span class='ocrx_word' id='word_1_50' title='bbox 1029 1030 1129 1113; x_wconf 78' lang='grc' dir='ltr'><strong><em>δῶρα</em></strong></span> <span class='ocrx_word' id='word_1_51' title='bbox 1147 1034 1178 1090; x_wconf 87' lang='grc' dir='ltr'><strong>Γ.</strong></span> <span class='ocrx_word' id='word_1_52' title='bbox 1196 1037 1245 1092; x_wconf 89' lang='grc'><strong>65.</strong></span> 
     </span>
     <span class='ocr_line' id='line_1_7' title="bbox 161 1126 1244 1214; baseline 0.003 -23"><span class='ocrx_word' id='word_1_53' title='bbox 161 1135 194 1191; x_wconf 85' lang='grc' dir='ltr'><strong>Τ.</strong></span> <span class='ocrx_word' id='word_1_54' title='bbox 212 1138 284 1192; x_wconf 92' lang='grc'><strong>265.</strong></span> <span class='ocrx_word' id='word_1_55' title='bbox 310 1126 437 1192; x_wconf 75' lang='grc' dir='ltr'><strong><em>βαίνοντ’</em></strong></span> <span class='ocrx_word' id='word_1_56' title='bbox 457 1129 594 1212; x_wconf 80' lang='grc' dir='ltr'><strong><em>ἐρικυδέα</em></strong></span> <span class='ocrx_word' id='word_1_57' title='bbox 616 1132 725 1208; x_wconf 84' lang='grc' dir='ltr'><strong><em>δαῖτα</em></strong></span> <span class='ocrx_word' id='word_1_58' title='bbox 746 1134 786 1196; x_wconf 80' lang='grc' dir='ltr'><strong>Ω.</strong></span> <span class='ocrx_word' id='word_1_59' title='bbox 800 1138 870 1192; x_wconf 88' lang='grc'><strong>802.</strong></span> <span class='ocrx_word' id='word_1_60' title='bbox 890 1155 915 1214; x_wconf 79' lang='grc' dir='ltr'><strong>γ.</strong></span> <span class='ocrx_word' id='word_1_61' title='bbox 931 1140 980 1194; x_wconf 91' lang='grc'><strong>66.</strong></span> <span class='ocrx_word' id='word_1_62' title='bbox 1000 1157 1025 1193; x_wconf 91' lang='grc' dir='ltr'><strong>ν.</strong></span> <span class='ocrx_word' id='word_1_63' title='bbox 1038 1141 1087 1195; x_wconf 92' lang='grc'><strong>26.</strong></span> <span class='ocrx_word' id='word_1_64' title='bbox 1106 1136 1145 1213; x_wconf 91' lang='grc' dir='ltr'><strong>(υ.</strong></span> <span class='ocrx_word' id='word_1_65' title='bbox 1160 1135 1244 1213; x_wconf 92' lang='grc'><strong>280).</strong></span> 
     </span>
     <span class='ocr_line' id='line_1_8' title="bbox 157 1227 1248 1316; baseline 0.003 -23"><span class='ocrx_word' id='word_1_66' title='bbox 157 1227 287 1312; x_wconf 77' lang='grc' dir='ltr'><strong><em>τεύχοντ’</em></strong></span> <span class='ocrx_word' id='word_1_67' title='bbox 317 1231 456 1315; x_wconf 77' lang='grc' dir='ltr'><strong><em>ἐρικυδέα</em></strong></span> <span class='ocrx_word' id='word_1_68' title='bbox 486 1234 574 1295; x_wconf 85' lang='grc' dir='ltr'><strong><em>δαῖτα</em></strong></span> <span class='ocrx_word' id='word_1_69' title='bbox 601 1257 627 1296; x_wconf 89' lang='grc' dir='ltr'><strong>κ.</strong></span> <span class='ocrx_word' id='word_1_70' title='bbox 650 1241 725 1308; x_wconf 88' lang='grc'><strong>182,</strong></span> <span class='ocrx_word' id='word_1_71' title='bbox 759 1237 811 1296; x_wconf 90' lang='lat' dir='ltr'><strong>scd</strong></span> <span class='ocrx_word' id='word_1_72' title='bbox 839 1237 876 1296; x_wconf 88' lang='lat' dir='ltr'><strong>de</strong></span> <span class='ocrx_word' id='word_1_73' title='bbox 904 1237 1039 1315; x_wconf 88' lang='lat' dir='ltr'><strong>personis</strong></span> <span class='ocrx_word' id='word_1_74' title='bbox 1068 1237 1101 1296; x_wconf 90' lang='lat' dir='ltr'><strong>in</strong></span> <span class='ocrx_word' id='word_1_75' title='bbox 1129 1235 1248 1316; x_wconf 84' lang='lat' dir='ltr'><strong>Nekyia</strong></span> 
     </span>
     <span class='ocr_line' id='line_1_9' title="bbox 157 1333 1245 1418; baseline 0.004 -24"><span class='ocrx_word' id='word_1_76' title='bbox 157 1338 239 1397; x_wconf 80' lang='grc' dir='ltr'><strong><em>θεῶν</em></strong></span> <span class='ocrx_word' id='word_1_77' title='bbox 268 1333 405 1416; x_wconf 87' lang='grc' dir='ltr'><strong><em>ἐρικυδία</em></strong></span> <span class='ocrx_word' id='word_1_78' title='bbox 432 1334 519 1396; x_wconf 89' lang='grc' dir='ltr'><strong><em>τέκνα</em></strong></span> <span class='ocrx_word' id='word_1_79' title='bbox 547 1340 570 1396; x_wconf 91' lang='grc' dir='ltr'><strong>λ.</strong></span> <span class='ocrx_word' id='word_1_80' title='bbox 592 1344 662 1398; x_wconf 87' lang='grc'><strong>631.</strong></span> <span class='ocrx_word' id='word_1_81' title='bbox 695 1338 736 1416; x_wconf 84' lang='grc' dir='ltr'><strong>(ν.</strong></span> <span class='ocrx_word' id='word_1_82' title='bbox 760 1339 926 1400; x_wconf 80' lang='lat' dir='ltr'><strong>Kirohhoff.</strong></span> <span class='ocrx_word' id='word_1_83' title='bbox 954 1339 1059 1418; x_wconf 83' lang='lat' dir='ltr'><strong>Odyss.</strong></span> <span class='ocrx_word' id='word_1_84' title='bbox 1086 1359 1115 1416; x_wconf 89' lang='lat' dir='ltr'><strong>p.</strong></span> <span class='ocrx_word' id='word_1_85' title='bbox 1131 1339 1245 1416; x_wconf 87' lang='lat' dir='ltr'>XVII),</span> 
     </span>
     <span class='ocr_line' id='line_1_10' title="bbox 159 1433 1242 1522; baseline 0 -22"><span class='ocrx_word' id='word_1_86' title='bbox 159 1439 252 1516; x_wconf 87' lang='grc' dir='ltr'><strong><em>Γαίης</em></strong></span> <span class='ocrx_word' id='word_1_87' title='bbox 273 1435 431 1510; x_wconf 87' lang='grc' dir='ltr'><strong><em>ἐτιικυδέος</em></strong></span> <span class='ocrx_word' id='word_1_88' title='bbox 453 1433 520 1500; x_wconf 83' lang='grc' dir='ltr'><strong><em>υίδν</em></strong></span> <span class='ocrx_word' id='word_1_89' title='bbox 542 1441 566 1498; x_wconf 90' lang='grc' dir='ltr'><strong><em>λ.</em></strong></span> <span class='ocrx_word' id='word_1_90' title='bbox 581 1443 650 1514; x_wconf 88' lang='grc'><strong>576,</strong></span> <span class='ocrx_word' id='word_1_91' title='bbox 674 1447 772 1501; x_wconf 87' lang='lat' dir='ltr'><strong>temen</strong></span> <span class='ocrx_word' id='word_1_92' title='bbox 795 1447 863 1518; x_wconf 89' lang='lat' dir='ltr'><strong>post</strong></span> <span class='ocrx_word' id='word_1_93' title='bbox 884 1440 964 1501; x_wconf 87' lang='lat' dir='ltr'><strong>tertii</strong></span> <span class='ocrx_word' id='word_1_94' title='bbox 985 1442 1070 1522; x_wconf 88' lang='lat' dir='ltr'><strong>pedis</strong></span> <span class='ocrx_word' id='word_1_95' title='bbox 1093 1459 1242 1500; x_wconf 82' lang='lat' dir='ltr'><strong>caesuram</strong></span> 
     </span>
     <span class='ocr_line' id='line_1_11' title="bbox 156 1537 1245 1620; baseline -0.001 -19"><span class='ocrx_word' id='word_1_96' title='bbox 156 1544 230 1604; x_wconf 90' lang='lat' dir='ltr'><strong>item</strong></span> <span class='ocrx_word' id='word_1_97' title='bbox 252 1543 288 1602; x_wconf 86' lang='lat' dir='ltr'><strong>de</strong></span> <span class='ocrx_word' id='word_1_98' title='bbox 310 1543 372 1602; x_wconf 88' lang='lat' dir='ltr'><strong>filio</strong></span> <span class='ocrx_word' id='word_1_99' title='bbox 393 1544 425 1602; x_wconf 91' lang='lat' dir='ltr'><strong>in</strong></span> <span class='ocrx_word' id='word_1_100' title='bbox 447 1561 536 1603; x_wconf 86' lang='lat' dir='ltr'><strong>versu</strong></span> <span class='ocrx_word' id='word_1_101' title='bbox 557 1562 576 1601; x_wconf 82' lang='lat' dir='ltr'><strong>e</strong></span> <span class='ocrx_word' id='word_1_102' title='bbox 593 1544 730 1603; x_wconf 88' lang='lat' dir='ltr'><strong>Bekkero</strong></span> <span class='ocrx_word' id='word_1_103' title='bbox 748 1545 802 1602; x_wconf 90' lang='lat' dir='ltr'><strong>sub</strong></span> <span class='ocrx_word' id='word_1_104' title='bbox 820 1547 907 1604; x_wconf 87' lang='lat' dir='ltr'><strong>textu</strong></span> <span class='ocrx_word' id='word_1_105' title='bbox 927 1542 1025 1620; x_wconf 91' lang='lat' dir='ltr'><strong>posito</strong></span> <span class='ocrx_word' id='word_1_106' title='bbox 1049 1537 1081 1606; x_wconf 75' lang='grc' dir='ltr'><strong>Ξ.</strong></span> <span class='ocrx_word' id='word_1_107' title='bbox 1097 1543 1157 1602; x_wconf 84' lang='grc'><strong>027</strong></span> <span class='ocrx_word' id='word_1_108' title='bbox 1183 1544 1245 1619; x_wconf 88' lang='grc' dir='ltr'><strong><em>Λη-</em></strong></span> 
     </span>
     <span class='ocr_line' id='line_1_12' title="bbox 158 1639 1247 1724; baseline 0.002 -20"><span class='ocrx_word' id='word_1_109' title='bbox 158 1645 229 1715; x_wconf 78' lang='grc' dir='ltr'><strong><em>τοῦς</em></strong></span> <span class='ocrx_word' id='word_1_110' title='bbox 251 1640 401 1724; x_wconf 79' lang='grc' dir='ltr'><strong><em>ἐρικυδέος</em></strong></span> <span class='ocrx_word' id='word_1_111' title='bbox 420 1650 510 1724; x_wconf 92' lang='lat' dir='ltr'><strong>atque</strong></span> <span class='ocrx_word' id='word_1_112' title='bbox 530 1645 568 1701; x_wconf 98' lang='lat' dir='ltr'><strong>A.</strong></span> <span class='ocrx_word' id='word_1_113' title='bbox 583 1650 658 1704; x_wconf 81' lang='grc' dir='ltr'><strong>225ι</strong></span> <span class='ocrx_word' id='word_1_114' title='bbox 681 1639 760 1722; x_wconf 76' lang='grc' dir='ltr'><strong><em>ἥβης</em></strong></span> <span class='ocrx_word' id='word_1_115' title='bbox 781 1639 934 1723; x_wconf 75' lang='grc' dir='ltr'><strong><em>ἐρικυδέος</em></strong></span> <span class='ocrx_word' id='word_1_116' title='bbox 955 1640 1097 1724; x_wconf 82' lang='grc' dir='ltr'><strong>(μέτρον),</strong></span> <span class='ocrx_word' id='word_1_117' title='bbox 1120 1645 1157 1706; x_wconf 82' lang='lat' dir='ltr'><strong>of.</strong></span> <span class='ocrx_word' id='word_1_118' title='bbox 1172 1646 1247 1706; x_wconf 87' lang='lat' dir='ltr'><strong>Hes.</strong></span> 
     </span>
     <span class='ocr_line' id='line_1_13' title="bbox 156 1740 1248 1827; baseline 0 -21"><span class='ocrx_word' id='word_1_119' title='bbox 156 1749 199 1808; x_wconf 88' lang='lat' dir='ltr'><strong>th.</strong></span> <span class='ocrx_word' id='word_1_120' title='bbox 217 1753 278 1806; x_wconf 87' lang='grc'><strong>988</strong></span> <span class='ocrx_word' id='word_1_121' title='bbox 294 1747 461 1822; x_wconf 88' lang='lat' dir='ltr'><strong>admissum,</strong></span> <span class='ocrx_word' id='word_1_122' title='bbox 484 1781 526 1790; x_wconf 88' lang='lat'>—</span> <span class='ocrx_word' id='word_1_123' title='bbox 549 1743 706 1825; x_wconf 78' lang='grc' dir='ltr'><strong><em>ἐριθηλέας</em></strong></span> <span class='ocrx_word' id='word_1_124' title='bbox 724 1740 809 1820; x_wconf 76' lang='grc' dir='ltr'><strong><em>ὄζους</em></strong></span> <span class='ocrx_word' id='word_1_125' title='bbox 826 1747 862 1806; x_wconf 85' lang='lat' dir='ltr'><strong>K.</strong></span> <span class='ocrx_word' id='word_1_126' title='bbox 879 1748 948 1807; x_wconf 90' lang='grc'><strong>867.</strong></span> <span class='ocrx_word' id='word_1_127' title='bbox 973 1746 1021 1826; x_wconf 84' lang='lat' dir='ltr'><strong>(cf.</strong></span> <span class='ocrx_word' id='word_1_128' title='bbox 1038 1748 1110 1807; x_wconf 89' lang='lat' dir='ltr'><strong>Hes.</strong></span> <span class='ocrx_word' id='word_1_129' title='bbox 1126 1750 1170 1808; x_wconf 91' lang='lat' dir='ltr'><strong>th.</strong></span> <span class='ocrx_word' id='word_1_130' title='bbox 1184 1749 1248 1827; x_wconf 87' lang='grc'><strong>80).</strong></span> 
     </span>
     <span class='ocr_line' id='line_1_14' title="bbox 159 1839 1247 1930; baseline 0 -20"><span class='ocrx_word' id='word_1_131' title='bbox 159 1847 268 1930; x_wconf 75' lang='grc' dir='ltr'><strong><em>(ἔρνος)</em></strong></span> <span class='ocrx_word' id='word_1_132' title='bbox 293 1843 428 1928; x_wconf 75' lang='grc' dir='ltr'><strong><em>ἐριθηλὲς</em></strong></span> <span class='ocrx_word' id='word_1_133' title='bbox 449 1845 547 1925; x_wconf 84' lang='grc' dir='ltr'><strong><em>ἐλαίης</em></strong></span> <span class='ocrx_word' id='word_1_134' title='bbox 568 1850 598 1906; x_wconf 93' lang='grc' dir='ltr'><strong>Ρ.</strong></span> <span class='ocrx_word' id='word_1_135' title='bbox 618 1854 656 1908; x_wconf 88' lang='grc'><strong>53</strong></span> <span class='ocrx_word' id='word_1_136' title='bbox 680 1850 732 1910; x_wconf 91' lang='lat' dir='ltr'><strong>sed</strong></span> <span class='ocrx_word' id='word_1_137' title='bbox 754 1839 880 1908; x_wconf 81' lang='grc' dir='ltr'><strong><em>ώλυιιίων</em></strong></span> <span class='ocrx_word' id='word_1_138' title='bbox 902 1844 1064 1928; x_wconf 79' lang='grc' dir='ltr'><strong><em>ἐριθηλέων</em></strong></span> <span class='ocrx_word' id='word_1_139' title='bbox 1087 1851 1123 1908; x_wconf 85' lang='grc' dir='ltr'><strong>Ε.</strong></span> <span class='ocrx_word' id='word_1_140' title='bbox 1143 1856 1192 1909; x_wconf 89' lang='grc'><strong>90.</strong></span> <span class='ocrx_word' id='word_1_141' title='bbox 1214 1852 1247 1910; x_wconf 87' lang='lat' dir='ltr'><strong>in</strong></span> 
     </span>
     <span class='ocr_line' id='line_1_15' title="bbox 159 1951 1249 2029; baseline -0.002 -17"><span class='ocrx_word' id='word_1_142' title='bbox 159 1954 227 2026; x_wconf 86' lang='lat' dir='ltr'><strong>fine,</strong></span> <span class='ocrx_word' id='word_1_143' title='bbox 251 1953 334 2013; x_wconf 87' lang='lat' dir='ltr'><strong>cuins</strong></span> <span class='ocrx_word' id='word_1_144' title='bbox 348 1952 486 2013; x_wconf 76' lang='lat' dir='ltr'><strong>carminis</strong></span> <span class='ocrx_word' id='word_1_145' title='bbox 500 1959 603 2013; x_wconf 87' lang='lat' dir='ltr'><strong>auctor</strong></span> <span class='ocrx_word' id='word_1_146' title='bbox 617 1951 744 2029; x_wconf 84' lang='lat' dir='ltr'><strong>plurima</strong></span> <span class='ocrx_word' id='word_1_147' title='bbox 759 1952 891 2012; x_wconf 86' lang='lat' dir='ltr'><strong>admovit</strong></span> <span class='ocrx_word' id='word_1_148' title='bbox 905 1952 1066 2028; x_wconf 82' lang='lat' dir='ltr'><strong>singularia</strong></span> <span class='ocrx_word' id='word_1_149' title='bbox 1086 1952 1125 2028; x_wconf 86' lang='lat' dir='ltr'><strong>(v.</strong></span> <span class='ocrx_word' id='word_1_150' title='bbox 1143 1952 1249 2012; x_wconf 82' lang='lat' dir='ltr'><strong>Geistii</strong></span> 
     </span>
     <span class='ocr_line' id='line_1_16' title="bbox 159 2053 1249 2137; baseline 0.001 -23"><span class='ocrx_word' id='word_1_151' title='bbox 159 2056 280 2137; x_wconf 86' lang='lat' dir='ltr'><strong>disquis.</strong></span> <span class='ocrx_word' id='word_1_152' title='bbox 303 2054 392 2114; x_wconf 83' lang='lat' dir='ltr'><strong>Hom.</strong></span> <span class='ocrx_word' id='word_1_153' title='bbox 421 2055 586 2132; x_wconf 89' lang='lat' dir='ltr'><strong>Hauptium</strong></span> <span class='ocrx_word' id='word_1_154' title='bbox 615 2055 652 2114; x_wconf 94' lang='lat' dir='ltr'><strong>ad</strong></span> <span class='ocrx_word' id='word_1_155' title='bbox 679 2053 859 2114; x_wconf 75' lang='lat' dir='ltr'><strong>Lachmann.</strong></span> <span class='ocrx_word' id='word_1_156' title='bbox 882 2074 911 2130; x_wconf 93' lang='lat' dir='ltr'><strong>p.</strong></span> <span class='ocrx_word' id='word_1_157' title='bbox 933 2054 1017 2132; x_wconf 91' lang='grc'><strong>106),</strong></span> <span class='ocrx_word' id='word_1_158' title='bbox 1041 2088 1083 2098; x_wconf 93' lang='grc'><strong>-</strong></span> <span class='ocrx_word' id='word_1_159' title='bbox 1126 2055 1159 2132; x_wconf 85' lang='grc' dir='ltr'><strong>λι)</strong></span> <span class='ocrx_word' id='word_1_160' title='bbox 1180 2060 1249 2133; x_wconf 88' lang='lat' dir='ltr'><strong>post</strong></span> 
     </span>
     <span class='ocr_line' id='line_1_17' title="bbox 158 2149 1247 2236; baseline -0.001 -19"><span class='ocrx_word' id='word_1_161' title='bbox 158 2157 423 2236; x_wconf 83' lang='lat' dir='ltr'><strong>penthemimerin:</strong></span> <span class='ocrx_word' id='word_1_162' title='bbox 453 2153 486 2216; x_wconf 84' lang='grc' dir='ltr'><strong>ἐκ</strong></span> <span class='ocrx_word' id='word_1_163' title='bbox 521 2149 636 2235; x_wconf 86' lang='grc' dir='ltr'><strong><em>Τοίρνης</em></strong></span> <span class='ocrx_word' id='word_1_164' title='bbox 663 2149 844 2234; x_wconf 73' lang='grc' dir='ltr'><strong><em>ἐριβώλακος</em></strong></span> <span class='ocrx_word' id='word_1_165' title='bbox 872 2149 1059 2232; x_wconf 83' lang='grc' dir='ltr'><strong><em>είληλοδθειν</em></strong></span> <span class='ocrx_word' id='word_1_166' title='bbox 1081 2157 1117 2214; x_wconf 84' lang='grc' dir='ltr'><strong>Ε.</strong></span> <span class='ocrx_word' id='word_1_167' title='bbox 1137 2161 1185 2215; x_wconf 85' lang='grc'><strong>44.</strong></span> <span class='ocrx_word' id='word_1_168' title='bbox 1215 2154 1247 2216; x_wconf 91' lang='grc' dir='ltr'><strong>ἐκ</strong></span> 
     </span>
     <span class='ocr_line' id='line_1_18' title="bbox 162 2249 1248 2342; baseline 0 -23"><span class='ocrx_word' id='word_1_169' title='bbox 162 2259 309 2336; x_wconf 84' lang='grc' dir='ltr'><strong><em>Παιονίης</em></strong></span> <span class='ocrx_word' id='word_1_170' title='bbox 332 2253 511 2338; x_wconf 71' lang='grc' dir='ltr'><strong><em>ἐριβώλακος</em></strong></span> <span class='ocrx_word' id='word_1_171' title='bbox 533 2249 718 2334; x_wconf 78' lang='grc' dir='ltr'><strong><em>είληλοιίθειν</em></strong></span> <span class='ocrx_word' id='word_1_172' title='bbox 742 2259 772 2316; x_wconf 94' lang='grc' dir='ltr'><strong>Ρ.</strong></span> <span class='ocrx_word' id='word_1_173' title='bbox 787 2263 857 2317; x_wconf 87' lang='grc'><strong>850.</strong></span> <span class='ocrx_word' id='word_1_174' title='bbox 881 2255 914 2317; x_wconf 88' lang='grc' dir='ltr'><strong>ἐκ</strong></span> <span class='ocrx_word' id='word_1_175' title='bbox 931 2251 1053 2342; x_wconf 77' lang='grc' dir='ltr'><strong><em>Θρῄκης</em></strong></span> <span class='ocrx_word' id='word_1_176' title='bbox 1069 2252 1248 2338; x_wconf 71' lang='grc' dir='ltr'><strong><em>ἐριβώλακος</em></strong></span> 
     </span>
     <span class='ocr_line' id='line_1_19' title="bbox 159 2352 1329 2442; baseline -0.002 -20"><span class='ocrx_word' id='word_1_177' title='bbox 159 2356 345 2440; x_wconf 83' lang='grc' dir='ltr'><strong><em>είληλοώθειν</em></strong></span> <span class='ocrx_word' id='word_1_178' title='bbox 366 2363 399 2419; x_wconf 82' lang='grc' dir='ltr'><strong>Τ.</strong></span> <span class='ocrx_word' id='word_1_179' title='bbox 413 2366 483 2420; x_wconf 87' lang='grc'><strong>485.</strong></span> <span class='ocrx_word' id='word_1_180' title='bbox 507 2356 537 2432; x_wconf 82' lang='grc' dir='ltr'><strong>ἐξ</strong></span> <span class='ocrx_word' id='word_1_181' title='bbox 557 2352 713 2436; x_wconf 81' lang='grc' dir='ltr'><strong><em>Ἀσκανίης</em></strong></span> <span class='ocrx_word' id='word_1_182' title='bbox 730 2353 911 2442; x_wconf 88' lang='grc' dir='ltr'><strong><em>ἐριβώλακος</em></strong></span> <span class='ocrx_word' id='word_1_183' title='bbox 930 2361 968 2418; x_wconf 90' lang='lat' dir='ltr'><strong>N.</strong></span> <span class='ocrx_word' id='word_1_184' title='bbox 983 2363 1053 2422; x_wconf 89' lang='grc'><strong>798.</strong></span> <span class='ocrx_word' id='word_1_185' title='bbox 1076 2354 1137 2420; x_wconf 76' lang='grc' dir='ltr'><strong>ἀπὸ</strong></span> <span class='ocrx_word' id='word_1_186' title='bbox 1155 2363 1247 2441; x_wconf 88' lang='grc' dir='ltr'><strong><em>Λαρί-</em></strong></span> <span class='ocrx_word' id='word_1_187' title='bbox 1321 2376 1329 2390; x_wconf 89' lang='grc'><em>·</em></span> 
     </span>
     <span class='ocr_line' id='line_1_20' title="bbox 160 2455 1249 2544; baseline 0 -20"><span class='ocrx_word' id='word_1_188' title='bbox 160 2481 214 2542; x_wconf 89' lang='grc' dir='ltr'><strong>οης</strong></span> <span class='ocrx_word' id='word_1_189' title='bbox 229 2457 409 2544; x_wconf 84' lang='grc' dir='ltr'><strong><em>ἐριβώλακος</em></strong></span> <span class='ocrx_word' id='word_1_190' title='bbox 425 2464 454 2520; x_wconf 94' lang='grc' dir='ltr'><strong>Ρ.</strong></span> <span class='ocrx_word' id='word_1_191' title='bbox 469 2469 538 2522; x_wconf 87' lang='grc'><strong>301.</strong></span> <span class='ocrx_word' id='word_1_192' title='bbox 562 2458 715 2540; x_wconf 80' lang='grc' dir='ltr'><strong><em>κεκλιμένη</em></strong></span> <span class='ocrx_word' id='word_1_193' title='bbox 735 2455 915 2542; x_wconf 81' lang='grc' dir='ltr'><strong><em>ἐριβώλακος</em></strong></span> <span class='ocrx_word' id='word_1_194' title='bbox 932 2457 1070 2542; x_wconf 80' lang='grc' dir='ltr'><strong><em>τ’μτειροῖο</em></strong></span> <span class='ocrx_word' id='word_1_195' title='bbox 1084 2485 1109 2524; x_wconf 90' lang='grc' dir='ltr'><strong>ν.</strong></span> <span class='ocrx_word' id='word_1_196' title='bbox 1124 2470 1193 2524; x_wconf 87' lang='grc'><strong>285.</strong></span> <span class='ocrx_word' id='word_1_197' title='bbox 1217 2461 1249 2524; x_wconf 90' lang='grc' dir='ltr'><strong>ἐν</strong></span> 
     </span>
     <span class='ocr_line' id='line_1_21' title="bbox 163 2559 1248 2651; baseline -0.001 -24"><span class='ocrx_word' id='word_1_198' title='bbox 163 2565 249 2651; x_wconf 85' lang='grc' dir='ltr'><strong><em>Φθίη</em></strong></span> <span class='ocrx_word' id='word_1_199' title='bbox 272 2564 428 2647; x_wconf 89' lang='grc' dir='ltr'><strong><em>ἐρίβωλακι</em></strong></span> <span class='ocrx_word' id='word_1_200' title='bbox 447 2568 485 2624; x_wconf 90' lang='lat' dir='ltr'><strong>A.</strong></span> <span class='ocrx_word' id='word_1_201' title='bbox 502 2571 568 2624; x_wconf 87' lang='grc'><strong>155.</strong></span> <span class='ocrx_word' id='word_1_202' title='bbox 593 2561 625 2624; x_wconf 87' lang='grc' dir='ltr'><strong>ἐν</strong></span> <span class='ocrx_word' id='word_1_203' title='bbox 641 2562 747 2647; x_wconf 76' lang='grc' dir='ltr'><strong><em>Θρηίκη</em></strong></span> <span class='ocrx_word' id='word_1_204' title='bbox 771 2559 927 2644; x_wconf 85' lang='grc' dir='ltr'><strong><em>ἐριβώλακι</em></strong></span> <span class='ocrx_word' id='word_1_205' title='bbox 944 2567 983 2626; x_wconf 93' lang='grc' dir='ltr'><strong>Λ.</strong></span> <span class='ocrx_word' id='word_1_206' title='bbox 998 2572 1068 2628; x_wconf 86' lang='grc'><strong>222.</strong></span> <span class='ocrx_word' id='word_1_207' title='bbox 1093 2564 1137 2628; x_wconf 85' lang='grc' dir='ltr'><strong>ἐνί</strong></span> <span class='ocrx_word' id='word_1_208' title='bbox 1157 2567 1248 2650; x_wconf 86' lang='grc' dir='ltr'><strong><em>Τροίη</em></strong></span> 
     </span>
     <span class='ocr_line' id='line_1_22' title="bbox 160 2661 1247 2752; baseline -0.001 -22"><span class='ocrx_word' id='word_1_209' title='bbox 160 2663 317 2750; x_wconf 82' lang='grc' dir='ltr'><strong><em>ἐριβώλακι</em></strong></span> <span class='ocrx_word' id='word_1_210' title='bbox 337 2671 370 2727; x_wconf 87' lang='grc' dir='ltr'><strong>Ζ.</strong></span> <span class='ocrx_word' id='word_1_211' title='bbox 384 2673 454 2727; x_wconf 88' lang='grc'><strong>815.</strong></span> <span class='ocrx_word' id='word_1_212' title='bbox 476 2668 514 2725; x_wconf 86' lang='grc' dir='ltr'><strong>Π.</strong></span> <span class='ocrx_word' id='word_1_213' title='bbox 528 2672 598 2727; x_wconf 84' lang='grc'><strong>461.</strong></span> <span class='ocrx_word' id='word_1_214' title='bbox 623 2666 663 2724; x_wconf 76' lang='grc' dir='ltr'><strong>Ω,</strong></span> <span class='ocrx_word' id='word_1_215' title='bbox 678 2672 728 2726; x_wconf 93' lang='grc'><strong>86.</strong></span> <span class='ocrx_word' id='word_1_216' title='bbox 756 2666 864 2746; x_wconf 80' lang='grc' dir='ltr'><strong><em>Τροίην</em></strong></span> <span class='ocrx_word' id='word_1_217' title='bbox 886 2661 1053 2746; x_wconf 82' lang='grc' dir='ltr'><strong><em>ἐριβώλακα</em></strong></span> <span class='ocrx_word' id='word_1_218' title='bbox 1077 2671 1109 2727; x_wconf 87' lang='grc' dir='ltr'><strong>Γ.</strong></span> <span class='ocrx_word' id='word_1_219' title='bbox 1124 2672 1171 2730; x_wconf 87' lang='grc'><strong>74.</strong></span> <span class='ocrx_word' id='word_1_220' title='bbox 1196 2671 1247 2752; x_wconf 87' lang='lat' dir='ltr'><strong>qui</strong></span> 
     </span>
     <span class='ocr_line' id='line_1_23' title="bbox 158 2763 1245 2850; baseline -0.003 -16"><span class='ocrx_word' id='word_1_221' title='bbox 158 2793 262 2834; x_wconf 83' lang='lat' dir='ltr'><strong>versus</strong></span> <span class='ocrx_word' id='word_1_222' title='bbox 284 2771 437 2850; x_wconf 88' lang='lat' dir='ltr'><strong>paululum</strong></span> <span class='ocrx_word' id='word_1_223' title='bbox 457 2774 587 2830; x_wconf 86' lang='lat' dir='ltr'><strong>mutatus</strong></span> <span class='ocrx_word' id='word_1_224' title='bbox 610 2775 655 2830; x_wconf 88' lang='lat' dir='ltr'><strong>est</strong></span> <span class='ocrx_word' id='word_1_225' title='bbox 678 2769 753 2843; x_wconf 87' lang='grc'><strong>257,</strong></span> <span class='ocrx_word' id='word_1_226' title='bbox 785 2763 923 2850; x_wconf 80' lang='grc' dir='ltr'><strong><em>Λάρισαν</em></strong></span> <span class='ocrx_word' id='word_1_227' title='bbox 946 2767 1112 2850; x_wconf 86' lang='grc' dir='ltr'><strong><em>ἐριβώλακα</em></strong></span> <span class='ocrx_word' id='word_1_228' title='bbox 1135 2773 1169 2829; x_wconf 93' lang='grc' dir='ltr'><strong>Β.</strong></span> <span class='ocrx_word' id='word_1_229' title='bbox 1187 2777 1245 2831; x_wconf 89' lang='grc'><strong>841</strong></span> 
     </span>
     <span class='ocr_line' id='line_1_24' title="bbox 160 2863 1248 2956; baseline -0.003 -20"><span class='ocrx_word' id='word_1_230' title='bbox 160 2878 196 2936; x_wconf 86' lang='lat' dir='ltr'><strong>de</strong></span> <span class='ocrx_word' id='word_1_231' title='bbox 220 2876 359 2956; x_wconf 88' lang='lat' dir='ltr'><strong>quoiam</strong></span> <span class='ocrx_word' id='word_1_232' title='bbox 382 2871 497 2945; x_wconf 89' lang='lat' dir='ltr'><strong>monui,</strong></span> <span class='ocrx_word' id='word_1_233' title='bbox 522 2870 640 2947; x_wconf 91' lang='grc' dir='ltr'><strong><em>Λυκίην</em></strong></span> <span class='ocrx_word' id='word_1_234' title='bbox 664 2863 831 2949; x_wconf 87' lang='grc' dir='ltr'><strong><em>ἐριβώλακα</em></strong></span> <span class='ocrx_word' id='word_1_235' title='bbox 856 2875 884 2931; x_wconf 92' lang='grc' dir='ltr'><strong>Ρ.</strong></span> <span class='ocrx_word' id='word_1_236' title='bbox 902 2873 968 2932; x_wconf 91' lang='grc'><strong>172.</strong></span> <span class='ocrx_word' id='word_1_237' title='bbox 992 2893 1011 2931; x_wconf 90' lang='lat' dir='ltr'><strong>a</strong></span> <span class='ocrx_word' id='word_1_238' title='bbox 1032 2875 1170 2933; x_wconf 86' lang='lat' dir='ltr'><strong>Bekkero</strong></span> <span class='ocrx_word' id='word_1_239' title='bbox 1192 2895 1248 2933; x_wconf 89' lang='lat' dir='ltr'><strong>un·</strong></span> 
     </span>
     <span class='ocr_line' id='line_1_25' title="bbox 161 2967 1333 3054; baseline -0.002 -16"><span class='ocrx_word' id='word_1_240' title='bbox 161 2978 236 3038; x_wconf 89' lang='lat' dir='ltr'><strong>cinis</strong></span> <span class='ocrx_word' id='word_1_241' title='bbox 252 2978 407 3049; x_wconf 88' lang='lat' dir='ltr'><strong>inclusum,</strong></span> <span class='ocrx_word' id='word_1_242' title='bbox 433 2971 537 3050; x_wconf 83' lang='grc' dir='ltr'><strong><em>Φθίην</em></strong></span> <span class='ocrx_word' id='word_1_243' title='bbox 554 2968 583 3033; x_wconf 91' lang='grc' dir='ltr'><strong>δ’</strong></span> <span class='ocrx_word' id='word_1_244' title='bbox 602 2967 744 3050; x_wconf 82' lang='grc' dir='ltr'><strong><em>ἐξικόμην</em></strong></span> <span class='ocrx_word' id='word_1_245' title='bbox 759 2971 926 3054; x_wconf 86' lang='grc' dir='ltr'><strong><em>ἐριβώλακα</em></strong></span> <span class='ocrx_word' id='word_1_246' title='bbox 944 2975 1051 3034; x_wconf 74' lang='grc'><strong>1479.</strong></span> <span class='ocrx_word' id='word_1_247' title='bbox 1075 2975 1125 3034; x_wconf 93' lang='lat' dir='ltr'><strong>ubi</strong></span> <span class='ocrx_word' id='word_1_248' title='bbox 1141 2995 1249 3036; x_wconf 89' lang='lat' dir='ltr'><strong>nomen</strong></span> <span class='ocrx_word' id='word_1_249' title='bbox 1331 2987 1333 2991; x_wconf 82' lang='grc'><strong>“</strong></span> 
     </span>
     <span class='ocr_line' id='line_1_26' title="bbox 159 3073 1248 3156; baseline -0.004 -16"><span class='ocrx_word' id='word_1_250' title='bbox 159 3081 252 3140; x_wconf 88' lang='lat' dir='ltr'><strong>verbo</strong></span> <span class='ocrx_word' id='word_1_251' title='bbox 267 3079 443 3156; x_wconf 86' lang='lat' dir='ltr'><strong>interposito</strong></span> <span class='ocrx_word' id='word_1_252' title='bbox 460 3076 535 3136; x_wconf 81' lang='lat' dir='ltr'><strong>mele</strong></span> <span class='ocrx_word' id='word_1_253' title='bbox 547 3081 734 3154; x_wconf 80' lang='lat' dir='ltr'><strong>segregatum</strong></span> <span class='ocrx_word' id='word_1_254' title='bbox 749 3081 801 3150; x_wconf 90' lang='lat' dir='ltr'><strong>est,</strong></span> <span class='ocrx_word' id='word_1_255' title='bbox 818 3111 859 3121; x_wconf 89' lang='lat'>-</span> <span class='ocrx_word' id='word_1_256' title='bbox 875 3073 1028 3155; x_wconf 77' lang='grc' dir='ltr'><strong><em>,ἐριούνιος</em></strong></span> <span class='ocrx_word' id='word_1_257' title='bbox 1040 3075 1079 3135; x_wconf 81' lang='lat' dir='ltr'><strong>a.</strong></span> <span class='ocrx_word' id='word_1_258' title='bbox 1093 3081 1163 3136; x_wconf 87' lang='grc'><strong>360.</strong></span> <span class='ocrx_word' id='word_1_259' title='bbox 1179 3083 1248 3138; x_wconf 88' lang='grc'><strong>440.</strong></span> 
     </span>
     <span class='ocr_line' id='line_1_27' title="bbox 159 3169 1247 3262; baseline -0.001 -22"><span class='ocrx_word' id='word_1_260' title='bbox 159 3174 296 3262; x_wconf 79' lang='grc' dir='ltr'><strong><em>Ἑρμείας</em></strong></span> <span class='ocrx_word' id='word_1_261' title='bbox 319 3173 464 3258; x_wconf 77' lang='grc' dir='ltr'><strong><em>ἐριούνιος</em></strong></span> <span class='ocrx_word' id='word_1_262' title='bbox 488 3178 528 3236; x_wconf 76' lang='grc' dir='ltr'><strong>Ω.</strong></span> <span class='ocrx_word' id='word_1_263' title='bbox 544 3180 614 3238; x_wconf 87' lang='grc'><strong>457.</strong></span> <span class='ocrx_word' id='word_1_264' title='bbox 643 3169 780 3256; x_wconf 83' lang='grc' dir='ltr'><strong><em>Ἑρμείαν</em></strong></span> <span class='ocrx_word' id='word_1_265' title='bbox 802 3171 949 3256; x_wconf 74' lang='grc' dir='ltr'><strong><em>ἐριούνιον</em></strong></span> <span class='ocrx_word' id='word_1_266' title='bbox 972 3177 1012 3235; x_wconf 81' lang='grc' dir='ltr'><strong>Ω.</strong></span> <span class='ocrx_word' id='word_1_267' title='bbox 1029 3179 1089 3237; x_wconf 88' lang='grc'><strong>679</strong></span> <span class='ocrx_word' id='word_1_268' title='bbox 1112 3200 1166 3256; x_wconf 92' lang='lat' dir='ltr'><strong>pro</strong></span> <span class='ocrx_word' id='word_1_269' title='bbox 1189 3200 1247 3260; x_wconf 87' lang='lat' dir='ltr'><strong>qno</strong></span> 
     </span>
     <span class='ocr_line' id='line_1_28' title="bbox 164 3272 1249 3360; baseline -0.001 -17"><span class='ocrx_word' id='word_1_270' title='bbox 164 3287 197 3342; x_wconf 83' lang='grc' dir='ltr'><strong>Τ.</strong></span> <span class='ocrx_word' id='word_1_271' title='bbox 216 3285 254 3343; x_wconf 92' lang='grc'><strong>72</strong></span> <span class='ocrx_word' id='word_1_272' title='bbox 277 3284 309 3342; x_wconf 94' lang='lat' dir='ltr'><strong>in</strong></span> <span class='ocrx_word' id='word_1_273' title='bbox 332 3283 391 3342; x_wconf 88' lang='lat' dir='ltr'><strong>fine</strong></span> <span class='ocrx_word' id='word_1_274' title='bbox 414 3287 460 3341; x_wconf 89' lang='lat' dir='ltr'><strong>est</strong></span> <span class='ocrx_word' id='word_1_275' title='bbox 480 3275 627 3359; x_wconf 77' lang='grc' dir='ltr'><strong><em>ἐριούνιος</em></strong></span> <span class='ocrx_word' id='word_1_276' title='bbox 647 3272 757 3358; x_wconf 76' lang='grc' dir='ltr'><strong><em>Ἐρμῆς</em></strong></span> <span class='ocrx_word' id='word_1_277' title='bbox 778 3285 867 3360; x_wconf 88' lang='lat' dir='ltr'><strong>atque</strong></span> <span class='ocrx_word' id='word_1_278' title='bbox 889 3281 969 3342; x_wconf 89' lang='lat' dir='ltr'><strong>inter</strong></span> <span class='ocrx_word' id='word_1_279' title='bbox 991 3282 1063 3340; x_wconf 91' lang='lat' dir='ltr'><strong>duos</strong></span> <span class='ocrx_word' id='word_1_280' title='bbox 1079 3299 1182 3342; x_wconf 83' lang='lat' dir='ltr'><strong>versus</strong></span> <span class='ocrx_word' id='word_1_281' title='bbox 1203 3283 1249 3342; x_wconf 93' lang='lat' dir='ltr'><strong>in-</strong></span> 
     </span>
    </p>
   </div>
   <div class='ocr_carea' id='block_1_3' title="bbox 162 3376 1249 3466">
    <p class='ocr_par' dir='ltr' id='par_1_3' title="bbox 162 3376 1249 3466">
     <span class='ocr_line' id='line_1_29' title="bbox 162 3376 1249 3466; baseline -0.004 -18"><span class='ocrx_word' id='word_1_282' title='bbox 162 3387 234 3448; x_wconf 86' lang='lat' dir='ltr'><strong>cidit</strong></span> <span class='ocrx_word' id='word_1_283' title='bbox 256 3377 393 3465; x_wconf 79' lang='grc' dir='ltr'><strong><em>ἐριοώνης</em></strong></span> <span class='ocrx_word' id='word_1_284' title='bbox 412 3381 416 3466; x_wconf 73' lang='grc' dir='ltr'><strong>ί</strong></span> <span class='ocrx_word' id='word_1_285' title='bbox 432 3376 568 3462; x_wconf 83' lang='grc' dir='ltr'><strong><em>Ἑρμείας</em></strong></span> <span class='ocrx_word' id='word_1_286' title='bbox 592 3385 625 3440; x_wconf 79' lang='lat' dir='ltr'><strong>T.</strong></span> <span class='ocrx_word' id='word_1_287' title='bbox 640 3381 720 3464; x_wconf 59' lang='lat'><strong>3415.</strong></span> <span class='ocrx_word' id='word_1_288' title='bbox 737 3410 779 3434; x_wconf 92' lang='lat'>=</span> <span class='ocrx_word' id='word_1_289' title='bbox 796 3387 827 3442; x_wconf 89' lang='grc' dir='ltr'><strong>θ.</strong></span> <span class='ocrx_word' id='word_1_290' title='bbox 844 3381 935 3464; x_wconf 74' lang='grc' dir='ltr'><strong><em>322ίθ</em></strong></span> <span class='ocrx_word' id='word_1_291' title='bbox 948 3383 1014 3460; x_wconf 73' lang='lat'><strong>²⁰),</strong></span> <span class='ocrx_word' id='word_1_292' title='bbox 1037 3419 1078 3428; x_wconf 90' lang='lat'>—</span> <span class='ocrx_word' id='word_1_293' title='bbox 1110 3379 1249 3461; x_wconf 83' lang='grc' dir='ltr'><strong><em>ἐριτίμοιο</em></strong></span> 
     </span>
    </p>
   </div>
   <div class='ocr_carea' id='block_1_4' title="bbox 160 3547 1248 4384">
    <p class='ocr_par' dir='ltr' id='par_1_4' title="bbox 160 3547 1248 4128">
     <span class='ocr_line' id='line_1_30' title="bbox 161 3547 1245 3618; baseline -0.004 -14"><span class='ocrx_word' id='word_1_294' title='bbox 161 3556 255 3604; x_wconf 90' lang='lat' dir='ltr'><strong>nomini</strong></span> <span class='ocrx_word' id='word_1_295' title='bbox 266 3547 387 3618; x_wconf 79' lang='grc' dir='ltr'><strong><em>Ὅμηρος</em></strong></span> <span class='ocrx_word' id='word_1_296' title='bbox 403 3555 484 3602; x_wconf 81' lang='lat' dir='ltr'><strong>inesse</strong></span> <span class='ocrx_word' id='word_1_297' title='bbox 502 3558 609 3614; x_wconf 81' lang='lat' dir='ltr'><strong>putatur.</strong></span> <span class='ocrx_word' id='word_1_298' title='bbox 646 3553 695 3601; x_wconf 84' lang='lat' dir='ltr'><strong>Sed</strong></span> <span class='ocrx_word' id='word_1_299' title='bbox 713 3554 778 3613; x_wconf 88' lang='lat' dir='ltr'><strong>quod</strong></span> <span class='ocrx_word' id='word_1_300' title='bbox 793 3551 989 3613; x_wconf 77' lang='lat' dir='ltr'><strong>Sengebuschius</strong></span> <span class='ocrx_word' id='word_1_301' title='bbox 1007 3554 1031 3600; x_wconf 90' lang='lat' dir='ltr'><strong>in</strong></span> <span class='ocrx_word' id='word_1_302' title='bbox 1050 3553 1107 3600; x_wconf 87' lang='lat' dir='ltr'><strong>diss.</strong></span> <span class='ocrx_word' id='word_1_303' title='bbox 1127 3553 1199 3600; x_wconf 87' lang='lat' dir='ltr'><strong>Hom.</strong></span> <span class='ocrx_word' id='word_1_304' title='bbox 1213 3555 1245 3600; x_wconf 90' lang='lat'><strong>11.</strong></span> 
     </span>
     <span class='ocr_line' id='line_1_31' title="bbox 161 3629 1246 3703; baseline -0.004 -13"><span class='ocrx_word' id='word_1_305' title='bbox 161 3657 185 3703; x_wconf 93' lang='lat' dir='ltr'><strong>p.</strong></span> <span class='ocrx_word' id='word_1_306' title='bbox 196 3643 229 3690; x_wconf 92' lang='grc'><strong>90</strong></span> <span class='ocrx_word' id='word_1_307' title='bbox 242 3641 339 3688; x_wconf 83' lang='lat' dir='ltr'><strong>obstare</strong></span> <span class='ocrx_word' id='word_1_308' title='bbox 352 3640 453 3699; x_wconf 88' lang='lat' dir='ltr'><strong>censuit,</strong></span> <span class='ocrx_word' id='word_1_309' title='bbox 467 3639 524 3700; x_wconf 84' lang='lat' dir='ltr'><strong>quia</strong></span> <span class='ocrx_word' id='word_1_310' title='bbox 536 3652 656 3698; x_wconf 87' lang='lat' dir='ltr'><strong>nusquam</strong></span> <span class='ocrx_word' id='word_1_311' title='bbox 664 3639 755 3686; x_wconf 75' lang='lat' dir='ltr'><strong>nsoles</strong></span> <span class='ocrx_word' id='word_1_312' title='bbox 768 3643 792 3686; x_wconf 90' lang='lat' dir='ltr'><strong>et</strong></span> <span class='ocrx_word' id='word_1_313' title='bbox 800 3639 881 3685; x_wconf 79' lang='lat' dir='ltr'><strong>Dones</strong></span> <span class='ocrx_word' id='word_1_314' title='bbox 891 3629 1013 3701; x_wconf 71' lang='lat' dir='ltr'><strong>‘&#39;Opc‘tpcc</strong></span> <span class='ocrx_word' id='word_1_315' title='bbox 1023 3639 1246 3698; x_wconf 76' lang='lat' dir='ltr'><strong>pronuntiaverint,</strong></span> 
     </span>
     <span class='ocr_line' id='line_1_32' title="bbox 160 3722 1247 3787; baseline -0.003 -12"><span class='ocrx_word' id='word_1_316' title='bbox 160 3727 271 3787; x_wconf 85' lang='lat' dir='ltr'><strong>ineptum</strong></span> <span class='ocrx_word' id='word_1_317' title='bbox 290 3730 341 3784; x_wconf 82' lang='lat' dir='ltr'><strong>sst3</strong></span> <span class='ocrx_word' id='word_1_318' title='bbox 359 3725 487 3772; x_wconf 86' lang='lat' dir='ltr'><strong>notissima</strong></span> <span class='ocrx_word' id='word_1_319' title='bbox 505 3739 592 3785; x_wconf 83' lang='lat' dir='ltr'><strong>nempe</strong></span> <span class='ocrx_word' id='word_1_320' title='bbox 611 3722 760 3772; x_wconf 81' lang='lat' dir='ltr'><strong>Graecorum</strong></span> <span class='ocrx_word' id='word_1_321' title='bbox 778 3723 927 3771; x_wconf 83' lang='lat' dir='ltr'><strong>consuetudo</strong></span> <span class='ocrx_word' id='word_1_322' title='bbox 945 3728 983 3770; x_wconf 84' lang='lat' dir='ltr'><strong>est</strong></span> <span class='ocrx_word' id='word_1_323' title='bbox 1000 3724 1103 3772; x_wconf 79' lang='lat' dir='ltr'><strong>sormam</strong></span> <span class='ocrx_word' id='word_1_324' title='bbox 1122 3725 1247 3772; x_wconf 86' lang='lat' dir='ltr'><strong>nominum</strong></span> 
     </span>
     <span class='ocr_line' id='line_1_33' title="bbox 161 3808 1247 3873; baseline -0.004 -13"><span class='ocrx_word' id='word_1_325' title='bbox 161 3812 318 3873; x_wconf 86' lang='lat' dir='ltr'><strong>propriorum</strong></span> <span class='ocrx_word' id='word_1_326' title='bbox 335 3809 424 3870; x_wconf 87' lang='lat' dir='ltr'><strong>ubique</strong></span> <span class='ocrx_word' id='word_1_327' title='bbox 449 3809 612 3858; x_wconf 87' lang='lat' dir='ltr'><strong>conservandi</strong></span> <span class='ocrx_word' id='word_1_328' title='bbox 630 3823 710 3869; x_wconf 87' lang='lat' dir='ltr'><strong>neque</strong></span> <span class='ocrx_word' id='word_1_329' title='bbox 734 3824 779 3870; x_wconf 88' lang='lat' dir='ltr'><strong>pro</strong></span> <span class='ocrx_word' id='word_1_330' title='bbox 798 3809 914 3868; x_wconf 84' lang='lat' dir='ltr'><strong>cuiusque</strong></span> <span class='ocrx_word' id='word_1_331' title='bbox 932 3808 1029 3856; x_wconf 86' lang='lat' dir='ltr'><strong>dialecti</strong></span> <span class='ocrx_word' id='word_1_332' title='bbox 1053 3809 1144 3868; x_wconf 80' lang='lat' dir='ltr'><strong>regulis</strong></span> <span class='ocrx_word' id='word_1_333' title='bbox 1169 3813 1247 3857; x_wconf 84' lang='lat' dir='ltr'><strong>trans·</strong></span> 
     </span>
     <span class='ocr_line' id='line_1_34' title="bbox 161 3894 1248 3957; baseline -0.005 -11"><span class='ocrx_word' id='word_1_334' title='bbox 161 3897 280 3953; x_wconf 77' lang='lat' dir='ltr'><strong>mutandi,</strong></span> <span class='ocrx_word' id='word_1_335' title='bbox 293 3901 319 3943; x_wconf 89' lang='lat' dir='ltr'><strong>nt</strong></span> <span class='ocrx_word' id='word_1_336' title='bbox 331 3897 443 3956; x_wconf 80' lang='lat' dir='ltr'><strong>exempla</strong></span> <span class='ocrx_word' id='word_1_337' title='bbox 454 3894 549 3942; x_wconf 84' lang='lat' dir='ltr'><strong>adferre</strong></span> <span class='ocrx_word' id='word_1_338' title='bbox 562 3908 773 3957; x_wconf 86' lang='lat' dir='ltr'><strong>supervacaneum</strong></span> <span class='ocrx_word' id='word_1_339' title='bbox 785 3895 828 3954; x_wconf 74' lang='lat' dir='ltr'><strong>sit3</strong></span> <span class='ocrx_word' id='word_1_340' title='bbox 848 3894 902 3954; x_wconf 85' lang='lat' dir='ltr'><strong>quis</strong></span> <span class='ocrx_word' id='word_1_341' title='bbox 914 3899 1049 3955; x_wconf 85' lang='lat' dir='ltr'><strong>poetarum,</strong></span> <span class='ocrx_word' id='word_1_342' title='bbox 1062 3907 1152 3952; x_wconf 86' lang='lat' dir='ltr'><strong>quaeso</strong></span> <span class='ocrx_word' id='word_1_343' title='bbox 1161 3895 1248 3954; x_wconf 77' lang='lat' dir='ltr'><strong>fingas,</strong></span> 
     </span>
     <span class='ocr_line' id='line_1_35' title="bbox 162 3977 1247 4040; baseline -0.005 -9"><span class='ocrx_word' id='word_1_344' title='bbox 162 3982 349 4031; x_wconf 86' lang='lat' dir='ltr'><strong>celeberrimum</strong></span> <span class='ocrx_word' id='word_1_345' title='bbox 360 3980 462 4028; x_wconf 85' lang='lat' dir='ltr'><strong>Homeri</strong></span> <span class='ocrx_word' id='word_1_346' title='bbox 479 3994 568 4028; x_wconf 87' lang='lat' dir='ltr'><strong>nomen</strong></span> <span class='ocrx_word' id='word_1_347' title='bbox 581 3981 652 4040; x_wconf 86' lang='lat' dir='ltr'><strong>quale</strong></span> <span class='ocrx_word' id='word_1_348' title='bbox 664 3981 690 4027; x_wconf 88' lang='lat' dir='ltr'><strong>in</strong></span> <span class='ocrx_word' id='word_1_349' title='bbox 703 3981 875 4027; x_wconf 86' lang='lat' dir='ltr'><strong>universorum</strong></span> <span class='ocrx_word' id='word_1_350' title='bbox 887 3977 1037 4026; x_wconf 80' lang='lat' dir='ltr'><strong>Graecorum</strong></span> <span class='ocrx_word' id='word_1_351' title='bbox 1049 3978 1148 4026; x_wconf 83' lang='lat' dir='ltr'><strong>auribus</strong></span> <span class='ocrx_word' id='word_1_352' title='bbox 1160 3979 1247 4038; x_wconf 83' lang='lat' dir='ltr'><strong>haesit,</strong></span> 
     </span>
     <span class='ocr_line' id='line_1_36' title="bbox 161 4060 946 4128; baseline -0.008 -12"><span class='ocrx_word' id='word_1_353' title='bbox 161 4069 298 4118; x_wconf 82' lang='lat' dir='ltr'><strong>Homerum</strong></span> <span class='ocrx_word' id='word_1_354' title='bbox 316 4067 418 4114; x_wconf 87' lang='lat' dir='ltr'><strong>reddere</strong></span> <span class='ocrx_word' id='word_1_355' title='bbox 435 4078 509 4113; x_wconf 86' lang='lat' dir='ltr'><strong>ausus</strong></span> <span class='ocrx_word' id='word_1_356' title='bbox 526 4064 574 4112; x_wconf 84' lang='lat' dir='ltr'><strong>sit?</strong></span> <span class='ocrx_word' id='word_1_357' title='bbox 610 4065 737 4113; x_wconf 75' lang='lat' dir='ltr'><strong>Aeolicum</strong></span> <span class='ocrx_word' id='word_1_358' title='bbox 756 4069 821 4112; x_wconf 84' lang='lat' dir='ltr'><strong>esset</strong></span> <span class='ocrx_word' id='word_1_359' title='bbox 838 4060 946 4128; x_wconf 87' lang='grc' dir='ltr'><strong><em>ἐρίᾶρος.</em></strong></span> 
     </span>
    </p>

    <p class='ocr_par' dir='ltr' id='par_1_5' title="bbox 162 4144 1248 4384">
     <span class='ocr_line' id='line_1_37' title="bbox 232 4144 1248 4216; baseline 0.007 -24"><span class='ocrx_word' id='word_1_360' title='bbox 232 4155 276 4214; x_wconf 75' lang='lat'><strong>20)</strong></span> <span class='ocrx_word' id='word_1_361' title='bbox 294 4153 409 4200; x_wconf 72' lang='lat' dir='ltr'><strong>Fortasse</strong></span> <span class='ocrx_word' id='word_1_362' title='bbox 421 4146 540 4216; x_wconf 73' lang='grc' dir='ltr'><strong><em>ἐριούνιος</em></strong></span> <span class='ocrx_word' id='word_1_363' title='bbox 550 4150 595 4215; x_wconf 85' lang='lat'><strong>(==</strong></span> <span class='ocrx_word' id='word_1_364' title='bbox 608 4144 740 4212; x_wconf 60' lang='lat' dir='ltr'><strong>flpthttOG,</strong></span> <span class='ocrx_word' id='word_1_365' title='bbox 752 4150 887 4210; x_wconf 72' lang='lat' dir='ltr'><strong>Brugman.</strong></span> <span class='ocrx_word' id='word_1_366' title='bbox 900 4150 914 4196; x_wconf 90' lang='lat' dir='ltr'><strong>l.</strong></span> <span class='ocrx_word' id='word_1_367' title='bbox 924 4150 941 4195; x_wconf 84' lang='lat' dir='ltr'><strong>l·</strong></span> <span class='ocrx_word' id='word_1_368' title='bbox 953 4163 977 4209; x_wconf 82' lang='lat' dir='ltr'><strong>p.</strong></span> <span class='ocrx_word' id='word_1_369' title='bbox 988 4145 1047 4211; x_wconf 74' lang='lat'><strong>1⁷4)</strong></span> <span class='ocrx_word' id='word_1_370' title='bbox 1060 4144 1248 4212; x_wconf 67' lang='lat' dir='ltr'><strong>hicitamre‘potc</strong></span> 
     </span>
     <span class='ocr_line' id='line_1_38' title="bbox 162 4232 1247 4300; baseline -0.006 -14"><span class='ocrx_word' id='word_1_371' title='bbox 162 4237 247 4288; x_wconf 87' lang='lat' dir='ltr'><strong>debuit</strong></span> <span class='ocrx_word' id='word_1_372' title='bbox 265 4236 339 4284; x_wconf 85' lang='lat' dir='ltr'><strong>scribi</strong></span> <span class='ocrx_word' id='word_1_373' title='bbox 351 4232 473 4300; x_wconf 83' lang='grc' dir='ltr'><strong><em>ἐριώνιος;</em></strong></span> <span class='ocrx_word' id='word_1_374' title='bbox 492 4235 563 4284; x_wconf 86' lang='lat' dir='ltr'><strong>metri</strong></span> <span class='ocrx_word' id='word_1_375' title='bbox 575 4249 649 4284; x_wconf 81' lang='lat' dir='ltr'><strong>eausa</strong></span> <span class='ocrx_word' id='word_1_376' title='bbox 662 4237 773 4284; x_wconf 82' lang='lat' dir='ltr'><strong>vocalem</strong></span> <span class='ocrx_word' id='word_1_377' title='bbox 786 4235 930 4297; x_wconf 77' lang='lat' dir='ltr'><strong>productam</strong></span> <span class='ocrx_word' id='word_1_378' title='bbox 944 4247 999 4281; x_wconf 86' lang='lat' dir='ltr'><strong>esse</strong></span> <span class='ocrx_word' id='word_1_379' title='bbox 1011 4233 1148 4294; x_wconf 85' lang='lat' dir='ltr'><strong>Behkerus,</strong></span> <span class='ocrx_word' id='word_1_380' title='bbox 1167 4235 1247 4282; x_wconf 84' lang='lat' dir='ltr'><strong>sobod.</strong></span> 
     </span>
     <span class='ocr_line' id='line_1_39' title="bbox 162 4322 464 4384; baseline 0 -12"><span class='ocrx_word' id='word_1_381' title='bbox 162 4324 238 4372; x_wconf 85' lang='lat' dir='ltr'><strong>Hom.</strong></span> <span class='ocrx_word' id='word_1_382' title='bbox 256 4337 279 4384; x_wconf 92' lang='lat' dir='ltr'><strong>p.</strong></span> <span class='ocrx_word' id='word_1_383' title='bbox 294 4322 343 4372; x_wconf 87' lang='grc'><strong>280</strong></span> <span class='ocrx_word' id='word_1_384' title='bbox 362 4322 464 4372; x_wconf 85' lang='lat' dir='ltr'><strong>censuit.</strong></span> 
     </span>
    </p>
   </div>
   <div class='ocr_carea' id='block_1_5' title="bbox 1015 4411 1030 4466">
    <p class='ocr_par' dir='ltr' id='par_1_6' title="bbox 1015 4411 1030 4466">
     <span class='ocr_line' id='line_1_40' title="bbox 1015 4411 1030 4466; baseline 0 0"><span class='ocrx_word' id='word_1_385' title='bbox 1015 4411 1030 4466; x_wconf 87' lang='grc'><strong>5</strong></span> 
     </span>
    </p>
   </div>
   <div class='ocr_carea' id='block_1_6' title="bbox 0 0 1553 4996">
    <p class='ocr_par' dir='ltr' id='par_1_7' title="bbox 0 0 1553 4996">
     <span class='ocr_line' id='line_1_41' title="bbox 0 0 1553 4996; baseline 0 0"><span class='ocrx_word' id='word_1_386' title='bbox 0 0 1553 4996; x_wconf 95' lang='lat' dir='ltr'><strong> </strong></span> 
     </span>
    </p>
   </div>
  </div>
 </body>
</html>
