3092 4996
835 453 879 516 ³⁴

315 614 458 692 praebere
491 600 635 680 καυάξαις
669 601 774 668 εὔαδεν
805 600 903 668 αὕατοι
935 599 1111 685 ταλαύρινος
1142 608 1298 666 conferens
1330 608 1409 668 acite
1504 634 1505 712 ρ

314 712 477 794 perspexit
521 711 559 771 cf.
576 710 709 771 Savelsb.
728 731 757 788 p.
776 713 823 769 16.
874 710 971 788 Supra
997 711 1055 770 iam
1083 711 1120 768 de
1148 716 1273 769 accentu
1300 711 1408 769 manui
1505 730 1506 808 ρ

312 815 352 896 (S.
371 819 396 876 l.
414 814 447 891 6)
475 817 566 892 atque
592 812 710 892 reliqua
734 812 878 873 Aeolismi
906 812 1017 872 indicia
1042 812 1122 870 infra
1148 810 1250 890 (§.18.
1268 812 1321 888 11)
1351 831 1406 870 ex·
1505 826 1507 922 ρ

310 919 448 998 placabo.

396 1019 455 1080 His
477 1016 666 1094 perlustratis
682 1020 777 1076 restat
797 1021 833 1074 ut
854 1016 890 1074 de
905 1015 1030 1074 vocibus
1047 1016 1197 1088 disseram,
1221 1033 1296 1094 quae
1312 1015 1404 1074 etiam

309 1127 380 1184 ante
401 1119 475 1182 alias
498 1136 644 1179 consonas
665 1118 813 1192 digamma
840 1117 873 1175 in
894 1139 914 1174 υ
936 1117 1061 1177 solvisse
1088 1118 1234 1178 dicuntur.
1277 1119 1355 1176 Nam
1376 1117 1403 1176 si

310 1220 510 1300 grammaticis
531 1219 762 1296 probatissimis,
788 1223 823 1278 ut
844 1219 1033 1292 Herodiano,
1064 1220 1144 1298 quod
1165 1238 1220 1295 par
1241 1225 1287 1280 sst
1314 1239 1402 1278 aures

307 1326 493 1406 praebemus,
510 1321 606 1381 solum
623 1325 693 1380 ante
706 1341 724 1397 ρ
739 1321 814 1380 illud
828 1321 940 1382 factum
954 1327 1015 1382 est:
1036 1322 1073 1381 cf.
1090 1341 1122 1380 π.
1137 1325 1213 1380 ποθ.
1227 1323 1267 1380 Π.
1285 1342 1316 1398 p.
1329 1323 1400 1380 271.

308 1447 340 1486 π.
365 1423 482 1496 συνταξ.
505 1423 566 1482 τοῖν
590 1421 741 1497 στοιχείων
762 1441 791 1498 p.
808 1427 879 1494 401,
899 1427 938 1482 25
962 1424 1002 1500 (v.
1020 1423 1117 1484 Sahal.
1137 1425 1175 1482 ad
1190 1425 1278 1485 Dion.
1296 1423 1400 1482 Thrac.

308 1530 341 1588 in
362 1527 458 1588 Bekk.
481 1525 712 1602 An.11.684):
744 1518 888 1582 εἰώθασιν
916 1523 951 1584 οἰ.
966 1522 1086 1595 Αἰολεῖς
1106 1530 1300 1603 προστιθέναι
1323 1516 1357 1583 τά
1382 1528 1401 1582 a

309 1622 483 1706 φωνήεντος
505 1621 733 1702 ἐπιφερομένου,
750 1661 793 1671 -
815 1621 983 1702 συμφώνου
1005 1623 1038 1686 δέ
1056 1623 1276 1704 ἐπιφερομένου
1298 1619 1400 1686 oridi-

309 1751 396 1792 ποτε
413 1725 624 1806 προςτιθὲασιν
638 1732 659 1786 ὖ
675 1725 707 1787 οῖ
715 1726 847 1799 Αἰολεῖς·
870 1722 903 1788 τά
917 1721 974 1809 γάρ
991 1723 1079 1798 νάσος
1094 1733 1211 1800 νοῦσος,
1227 1725 1279 1788 καὶ
1289 1721 1400 1802 Ὀλυμ-

309 1854 369 1903 πος
386 1823 550 1907 Οὔλυμπος
563 1823 744 1905 ποιητικά
763 1828 836 1890 εἰσι
850 1827 901 1890 καί
918 1824 976 1892 crin
991 1833 1022 1889 Α
1031 1825 1162 1890 ἰολικά.
1184 1833 1238 1890 τοῦ
1255 1825 1286 1890 di
1301 1837 1320 1909 ρ
1338 1827 1400 1890 ἔπι-

309 1931 477 2016 φερομένου
492 1924 670 2003 πολλάκις
683 1929 876 2010 προςτιθὲασι
894 1927 927 1991 τά
945 1939 966 1992 d
981 1931 1012 1994 οἰ
1020 1931 1139 2003 Αἰολεῖς
1156 1924 1222 1992 οῖον
1237 1925 1399 2009 αὔρηιιτος·

308 2030 459 2117 ἄρρηκτος
485 2029 557 2116 γάρ·
587 2035 679 2112 δῆλον
705 2023 762 2095 οὖν
787 2029 835 2094 άτι
862 2032 1019 2111 φωννῗέν
1046 2032 1122 2095 ἐστι
1148 2031 1212 2094 aab
1240 2026 1281 2094 οὕ
1308 2028 1399 2109 σύμ-

309 2159 439 2214 φωνον
460 2131 501 2198 τά
523 2142 559 2215 ᾗ,
590 2140 668 2218 quod
691 2138 854 2199 rectissime
879 2139 1044 2215 disputavit
1064 2138 1289 2217 Ahrensiusque
1310 2138 1335 2197 Ι.
1360 2139 1398 2194 37

309 2241 456 2319 probavit.
490 2240 547 2300 Sed
563 2261 623 2300 non
634 2240 705 2298 huic
716 2240 862 2300 christine
877 2260 905 2316 p.
921 2245 979 2299 192
997 2240 1100 2300 debuit
1112 2240 1262 2317 praeferre
1273 2239 1400 2298 auctori-

307 2349 401 2404 tatem
422 2343 605 2415 Heraclidis,
634 2341 746 2400 incauti
767 2361 839 2402 sane
861 2341 1044 2417 grammatici
1071 2347 1101 2402 et
1121 2343 1160 2400 ad
1180 2341 1310 2418 ineptias
1331 2361 1400 2417 pro·

308 2445 402 2518 clivis,
425 2446 477 2524 qui
493 2444 615 2504 tradidit
636 2463 682 2518 ap.
698 2445 781 2502 Euat
804 2463 833 2519 p.
850 2448 928 2502 391:
950 2440 1069 2512 Αἰολεῖς
1089 2442 1130 2524 τῷ
1153 2441 1401 2521 ᾶπροςτιθέντες

307 2539 340 2604 τά
357 2550 392 2619 ri,
417 2540 458 2612 t‘o‘r
472 2562 564 2620 φησιν
577 2537 765 2621 Ἀρίσταρχος
779 2541 957 2621 παρατιθεὶς
971 2538 1005 2604 τά
1021 2538 1096 2623 άτάρ
1112 2538 1207 2622 αὐτάρ
1223 2544 1272 2622 (cf.
1289 2547 1396 2605 Christ

306 2668 337 2724 p.
354 2647 429 2724 264)
451 2637 541 2714 ῖαλὸς
561 2640 672 2714 davide
698 2644 778 2722 ἴαχεν
799 2644 914 2722 ἰαυχευ,
942 2641 1077 2724 λέγουσιν
1104 2640 1184 2706 σάτον
1210 2645 1263 2706 ναὶ
1290 2642 1396 2722 φάσκω

307 2742 437 2822 pasiano)
459 2742 510 2806 ιιαί
538 2739 610 2821 μετά
632 2748 686 2806 τοῦ
707 2765 724 2819 ρ
746 2741 909 2824 φραάσιιιο,
931 2749 968 2807 cf.
985 2750 1058 2807 Ahr.
1076 2750 1167 2808 137.
1190 2769 1219 2810 n.
1239 2753 1292 2822 1³;
1321 2769 1397 2830 qaae

308 2869 381 2910 num
408 2849 574 2908 Aristarchi
603 2850 752 2910 sententia
778 2851 870 2910 fuerit
897 2851 984 2912 vaide
1012 2851 1124 2912 dubito.
1175 2852 1272 2927 Vulgo
1299 2858 1397 2914 autem

307 2954 367 3012 huc
387 2952 559 3012 referuntur
578 2953 668 3013 haec:

393 3053 453 3112 111.
500 3055 529 3133 1)
553 3046 661 3130 εὔληρα
689 3055 726 3112 Ψ.
745 3058 817 3112 481.
840 3055 919 3132 quod
933 3055 1104 3132 Hesychius
1121 3056 1163 3115 sic
1181 3058 1394 3134 interpretabar

308 3160 369 3215 est:
392 3147 519 3229 ἱμάντες.
541 3146 625 3230 ἡνία,
653 3152 765 3232 λέγεται
786 3149 867 3232 παρά
890 3148 924 3215 τά
947 3153 1090 3216 εἰλεῖσθαι
1111 3161 1177 3225 ταῖς
1197 3158 1295 3238 χερσίν
1316 3159 1395 3237 (Sav.

307 3277 336 3334 p.
356 3257 424 3335 14);
452 3257 509 3316 hoc
538 3264 637 3318 autem
663 3257 798 3318 Ionicum
826 3258 928 3316 audire
950 3260 1068 3319 Curtius
1092 3279 1121 3335 p.
1140 3264 1200 3318 516
1227 3262 1395 3332 adseverat;

308 3359 480 3418 scholiastes
495 3378 567 3417 vcro
590 3360 652 3417 cod.
670 3359 703 3415 B.
726 3365 844 3435 praeter
862 3351 969 3435 εὔληρα
987 3358 1088 3438 εἰληρο
1103 3362 1211 3423 adtulit
1225 3365 1305 3442 quod
1318 3365 1396 3425 veri·

305 3460 502 3540 loquiicausa
513 3460 752 3520 fictumvidetur.
777 3453 903 3537 Αάληρα
914 3481 1002 3537 porro
1013 3464 1208 3540 Epicharmus
1219 3466 1395 3526 adhibuerat

308 3563 393 3640 (Ahr.
408 3563 450 3622 H.
473 3562 542 3638 50),
571 3563 651 3620 undo
673 3563 770 3622 elucet
796 3563 929 3623 vocalem
952 3583 971 3621 α
993 3566 1043 3624 rel
1065 3585 1078 3623 ε
1100 3568 1298 3642 prothetioam
1319 3588 1391 3640 esse,

307 3669 485 3744 postquam
508 3663 655 3739 digamma
682 3663 715 3722 in
742 3686 761 3722 v
789 3666 919 3726 solutum
946 3686 1010 3727 esse
1032 3668 1190 3729 adfirmant
1210 3670 1394 3745 Savelsberg.

309 3787 337 3844 p.
358 3771 403 3828 16.
427 3766 545 3826 Curtius
566 3787 595 3843 p.
616 3771 686 3824 531.
715 3767 846 3827 Leskicn
863 3768 884 3826 l.
900 3769 920 3827 l.
940 3789 968 3846 p.
983 3775 1034 3828 40.
1077 3770 1136 3829 Sed
1157 3790 1225 3830 cum
1245 3772 1332 3830 radix
1354 3774 1393 3832 sit

307 3870 381 3928 Fa-
408 3868 456 3946 (εἰ.
476 3888 506 3945 p.
526 3873 594 3927 516.
613 3875 683 3928 334.
706 3871 742 3930 de
763 3872 845 3930 verb.
862 3891 890 3946 p.
909 3875 996 3952 334),
1024 3873 1150 3932 fortasse
1173 3893 1190 3931 a
1210 3875 1306 3932 forma
1328 3871 1392 3932 {Fe-

307 3972 397 4048 ληρον
413 3971 658 4047 proficiscendum
680 3976 733 4045 est,
756 3978 790 4033 ut
807 3993 826 4030 υ
845 3993 884 4032 ex
898 3975 937 4032 Fe
959 3980 1142 4035 contractum
1157 3981 1291 4051 putetur;
1314 3976 1393 4034 simi-

307 4071 378 4132 liter
404 4075 503 4134 autem
523 4073 643 4134 videtur
672 4060 763 4144 αὖλαξ
791 4075 841 4154 (ad
869 4076 1282 4154 stirpemststapertinens,
1312 4079 1393 4139 Cart.

308 4194 337 4252 p.
359 4179 426 4235 ιιι.
446 4180 516 4234 σιτ.
533 4181 602 4236 ονε.
622 4181 692 4236 τοι.
727 4176 858 4238 Leskien
876 4199 905 4255 p.
926 4182 972 4237 ιτ.
991 4180 1044 4258 oc)
1066 4198 1128 4238 non
1148 4199 1187 4238 ex
1207 4170 1318 4252 ὅστις,
1341 4181 1393 4239 sea
