3114 4994
795 463 856 527 156

282 619 447 678 emunctam
471 621 524 678 est.
570 617 634 676 Etsi
655 617 687 676 id
709 618 863 677 confutare
889 616 938 678 vel
960 617 1087 676 rectiora
1108 615 1245 677 evincere
1268 619 1373 678 stricta

281 721 396 780 ratione
418 718 540 778 minima
563 718 649 792 licet,
672 719 728 777 hoe
750 720 859 778 certius
880 719 999 780 videbar
1020 722 1050 778 et
1071 718 1224 795 Apollonii
1246 719 1372 797 Dysccli

281 822 388 882 verba:
419 816 492 893 φασὶ
517 814 550 878 δὲ
570 815 622 878 aui
644 812 697 878 τόν
720 812 914 896 Ἀρίσταρχον
936 813 1072 895 deploras
1098 812 1153 894 τὴν
1173 813 1295 898 γραφὴν
1316 822 1373 878 τοῦ

281 916 468 998 Δικαιάρχου
497 917 783 997 πορσδέξοοθιιιῑθ)
816 927 847 981 et
876 923 1012 982 anecdeti
1043 927 1249 999 praeceptum:
1282 921 1371 998 uolp-

281 1040 329 1083 σιν
338 1025 387 1101 ¹⁴)
400 1019 658 1102 ἀναγινώσκεσθαι
669 1018 787 1081 Alollda
798 1019 947 1104 διαλέκτῳ,
964 1024 1044 1102 quod
1057 1024 1194 1084 Osannus
1208 1042 1237 1099 p.
1251 1027 1313 1082 888
1324 1045 1369 1105 sq.

281 1127 324 1186 sic
346 1130 561 1186 commentatus
582 1131 642 1186 est:
665 1125 847 1184 exaratoris
869 1125 1018 1184 sententia
1038 1125 1215 1199 „dialectum
1230 1144 1290 1205 qua
1305 1127 1370 1186 Ho-

280 1247 379 1290 merus
405 1228 585 1304 scripsisset,
615 1225 811 1304 probabiliter
838 1228 917 1306 qued
946 1247 1014 1286 eum
1043 1227 1164 1286 natione
1190 1226 1369 1287 Aeelensem

278 1335 407 1406 putaret,
428 1329 581 1389 Aeolicam
601 1328 702 1401 fuisse,
725 1335 815 1407 atque
830 1329 884 1387 ubi
902 1329 939 1387 de
957 1327 1082 1403 singulis
1096 1328 1199 1388 formis
1221 1329 1369 1390 dubitatio

277 1431 431 1504 incideret,
454 1430 536 1488 illius
551 1429 695 1489 sermonis
716 1430 754 1488 ad
768 1448 901 1489 nemnem
920 1449 970 1489 eae
985 1431 1193 1505 conponendas
1214 1433 1369 1510 esse“¹⁶),

280 1533 393 1611 quippe
415 1550 492 1610 quae
515 1531 616 1606 opinio
639 1549 727 1609 qnam
755 1531 883 1590 maxime
905 1531 1076 1591 Aristarcho
1099 1532 1247 1591 centraria
1266 1533 1368 1607 fuerit,

279 1633 362 1691 nullo
396 1633 517 1692 omnino
547 1633 634 1692 modo
666 1633 703 1690 ad
735 1633 861 1691 eundern
891 1633 1105 1692 Dicaearchum
1135 1652 1222 1710 pesse
1252 1635 1369 1695 referri.

280 1735 417 1793 Osannus
432 1737 531 1793 umen
546 1734 599 1792 illa
613 1751 741 1813 quoque,
763 1753 840 1813 quae
855 1737 890 1792 Δ.
907 1735 1105 1794 Buttmaunus
1114 1736 1126 1774 ¹
1135 1735 1164 1811 ⁶)
1180 1741 1211 1795 et
1226 1735 1369 1796 Graefen·

277 1836 392 1924 hanins·
408 1838 445 1896 de
466 1837 647 1896 Dicaearcho
669 1835 903 1894 Lacedaemonio
929 1836 1119 1911 grammatice
1141 1836 1368 1918 Aristarchique

278 1939 412 1998 auditore
434 1959 454 1997 a
472 1938 563 1996 Suide
583 1941 801 1997 conmemorato
824 1937 1067 2014 acceperant1⁷),
1091 1939 1238 1998 Messenio
1261 1939 1369 2000 tribuit

277 2040 390 2100 Fuhrio
415 2060 444 2116 p.
463 2046 513 2099 44.
540 2041 696 2111 laudante;
726 2058 831 2114 reapse
860 2057 932 2098 vero
962 2040 998 2098 de
1029 2038 1092 2098 eius
1122 2040 1226 2100 studiis
1255 2041 1367 2102 criticis

279 2143 377 2202 minus
400 2147 515 2202 constat
536 2161 625 2221 qaam
639 2142 777 2201 Oeannus
799 2141 857 2218 (ap.
876 2141 966 2200 Fuhr.
984 2161 1012 2218 p.
1029 2147 1078 2200 44.
1097 2141 1171 2220 889)
1192 2134 1367 2218 persuasum

277 2245 384 2305 habuit
401 2250 500 2324 atque,
524 2261 677 2322 quaequae
699 2244 736 2302 dc
753 2261 788 2302 eo
804 2243 923 2318 cognita
943 2244 1094 2317 habemus,
1116 2244 1209 2319 magis
1229 2245 1367 2305 historici

279 2346 331 2424 qui
353 2345 403 2406 hi'e
422 2346 486 2405 illie
506 2350 661 2422 peemrnm
681 2345 762 2406 locos
776 2345 890 2404 adlatos
908 2346 944 2403 ad
962 2345 1136 2404 historicum
1157 2349 1188 2404 et
1201 2346 1367 2424 mythicum

276 2452 483 2523 argumentum
505 2445 650 2522 explicuit
664 2466 752 2526 quam
775 2447 957 2522 grammatici
977 2447 1088 2507 formas
1105 2467 1211 2508 vocum
1234 2450 1366 2510 curantis
1419 2487 1422 2492 ·

275 2550 430 2624 ingenium
445 2550 572 2626 sapiunt.
614 2549 682 2607 Una
703 2548 798 2606 selum
812 2549 985 2618 condicione
1006 2551 1038 2606 in
1054 2549 1166 2608 Osanni
1186 2552 1365 2611 sententiam

277 2653 407 2711 cencede
430 2652 455 2710 si
476 2652 675 2710 Dicaearchus
703 2656 733 2710 et
752 2651 886 2728 Zopyrus
913 2651 1145 2724 „Alexandrinis
1166 2653 1365 2726 grammaticis

277 2757 374 2812 aetate
389 2752 538 2812 anterier“
559 2752 600 2829 (p.
619 2751 693 2827 884)
716 2752 879 2828 generatim
898 2752 1038 2811 efabnlis
1052 2753 1089 2812 de
1103 2752 1225 2812 Aeolica
1239 2753 1365 2814 Homeri

277 2854 393 2930 origine
415 2853 574 2928 divulgatis
594 2855 626 2912 id
648 2854 818 2914 definivisse
841 2855 1008 2926 ereduntur,
1036 2854 1115 2934 qued
1135 2853 1275 2913 inillam
1295 2859 1365 2933 apte

277 2955 364 3015 eadit.
408 2956 466 3016 Sed
488 2956 513 3014 si
534 2976 573 3015 ex
588 2956 814 3016 Homerieorum
832 2955 994 3016 carminum
1015 2955 1080 3032 ipso
1103 2955 1202 3014 colere
1222 2961 1366 3034 „prepter

277 3058 457 3116 creberrima
471 3057 615 3117 Aeolismi
637 3058 765 3132 configis
785 3057 818 3116 in
839 3057 971 3137 antiquis
992 3056 1211 3133 exemplaribus
1231 3061 1366 3119 nondum

277 3159 437 3218 adtenuata
458 3163 489 3218 et
504 3159 701 3232 oblitterata“,
725 3161 763 3218 ad
777 3177 854 3238 quae
868 3159 948 3218 infra
966 3177 1125 3233 recurram,
1146 3158 1179 3217 id
1200 3160 1365 3236 conlegisse
1400 3231 1409 3242 1

276 3259 424 3333 dicuntur,
448 3261 593 3320 contende
615 3259 655 3319 ex
676 3281 711 3321 eo
734 3266 916 3335 argumente,
938 3279 1053 3339 exque
1071 3277 1169 3340 neque
1188 3261 1365 3324 Hellanicus

345 3447 389 3506 18)
407 3460 447 3506 ap.
466 3445 631 3494 Graetenhau.
648 3447 668 3494 1.
686 3461 710 3508 p.
724 3450 781 3496 898.
799 3463 823 3494 ιιι
836 3450 877 3496 68.
894 3447 970 3494 Fnhr.
987 3461 1012 3507 p.
1024 3449 1065 3495 61.
1083 3462 1108 3496 u.
1122 3448 1162 3496 88,
1213 3473 1216 3480 ·

346 3534 389 3594 14)
407 3532 441 3578 Ut
457 3529 558 3596 ποίησιν
574 3545 661 3580 vocem
678 3532 726 3580 hoc
741 3533 796 3580 loco
811 3533 841 3579 de
859 3533 999 3590 solalliede
1016 3532 1188 3592 intellegamus
1205 3548 1291 3584 omnes
1307 3551 1363 3585 sue-

276 3617 337 3664 dent
353 3617 449 3674 calculi,
467 3617 533 3676 qued
550 3618 728 3665 demonstravit
742 3615 856 3664 Osannns
873 3617 1037 3678 probavitque
1048 3617 1200 3667 Ribbeelrius
1216 3619 1242 3668 in
1259 3634 1364 3670 censura

274 3714 301 3761 p·
314 3703 343 3760 83
362 3701 522 3748 nihilominus
538 3701 581 3750 ille
598 3706 700 3763 prepter
717 3702 842 3749 Aeolicam
855 3701 982 3764 Odysseae
999 3704 1132 3752 sditionem
1144 3717 1217 3762 qnam
1234 3706 1298 3753 male
1315 3708 1364 3755 hnc

275 3786 360 3848 retulit
376 3790 402 3833 et
417 3785 520 3833 Diedem
538 3789 564 3834 et
576 3785 713 3848 Odysseam
730 3786 832 3848 aceepit,
849 3789 889 3835 cni
906 3789 948 3835 alii
964 3788 1150 3837 consentiebant
1170 3790 1205 3850 (v.
1224 3789 1331 3852 Sengeb.
1343 3793 1362 3840 1.

274 3872 353 3932 pssd.
378 3871 471 3918 Amaia.
487 3886 511 3932 p.
524 3873 558 3932 d).

346 3957 389 4018 15)
407 3955 513 4015 Sengeb.
524 3957 544 4004 1.
561 3971 585 4017 p.
599 3958 639 4006 86.
655 3957 710 4005 180.
728 3959 762 4004 11.
778 3959 846 4017 poe
863 3959 946 4020 poenit
962 3973 1018 4005 enm
1033 3961 1117 4008 emnia
1133 3974 1197 4020 quae
1210 3975 1261 4010 uon
1279 3968 1362 4012 emant

275 4040 376 4087 declina
392 4039 458 4101 apud
470 4041 606 4090 Homerum
621 4042 647 4090 in
659 4043 786 4091 Aeolicum
801 4057 856 4091 esse
869 4044 990 4092 vertenda
1004 4046 1143 4107 censuisae3
1159 4047 1219 4093 item
1229 4046 1361 4095 dmeislus.

344 4126 387 4185 18)
410 4139 435 4172 v.
459 4125 623 4186 quaestiones
649 4129 679 4176 de
703 4128 865 4178 Dicaearcho*
882 4128 983 4189 alumna
1009 4129 1124 4191 operibns
1147 4135 1192 4178 eta
1221 4129 1362 4192 Numburgi

276 4210 349 4258 reas.
367 4223 390 4270 p.
404 4211 427 4258 8.

344 4294 387 4353 17)
405 4295 436 4341 ai.
454 4295 541 4343 Fabrii
557 4301 607 4344 not.
622 4299 660 4347 dh
678 4311 703 4359 p.
718 4301 756 4346 68.
