3114 4994
717 483 779 551 169

204 641 274 717 jeus
302 641 459 718 bestdndig
485 641 771 702 wiederlsehrenden
799 642 939 704 Formeln
966 643 1027 704 und
1055 641 1102 704 die
1128 641 1296 718 Festiglreit

205 742 312 804 iader
328 742 525 820 Wcrldolge.“
567 746 633 805 Iam
654 765 744 822 supra
764 745 892 806 vidimus
912 746 1079 806 Aeolismos
1100 746 1296 826 Aeoliamque

204 846 353 906 formulae
368 847 446 906 haud
461 865 528 908 raro
543 847 789 909 nocentioribus
803 847 1011 923 imitatoribus,
1029 869 1155 930 quorum
1167 852 1294 925 tempta-

204 949 335 1009 minibus
365 949 498 1010 conferte
528 955 598 1011 sunt
626 950 758 1010 earmina
779 950 954 1024 Homerica,
989 950 1138 1029 neglectas
1167 956 1199 1011 et
1224 969 1294 1010 oon·

204 1055 332 1114 ninutas
349 1071 421 1126 esse,
444 1071 519 1132 quae
540 1052 667 1128 vestigia
680 1051 833 1130 paululum
849 1053 964 1114 iaciunt
983 1055 1019 1114 ad
1037 1054 1181 1130 originem
1198 1053 1294 1112 iunio·

204 1173 267 1216 rem
288 1155 417 1234 partium
439 1173 515 1236 quae
536 1155 604 1216 aliis
626 1156 662 1216 ds
685 1155 780 1216 ausis
802 1175 820 1214 a
840 1155 1032 1216 Lachmanno
1056 1161 1087 1217 et
1108 1137 1307 1218 Kircbhoifio‘

204 1257 310 1318 merito
333 1258 450 1335 spuriae
473 1262 617 1336 putantur
639 1257 876 1319 confirmandam.
993 1257 995 1263 “

289 1360 354 1421 Hac
379 1361 474 1437 igitur
499 1361 614 1423 ratione
641 1361 741 1421 omnia
768 1377 845 1439 quae
867 1365 955 1422 antea
977 1361 1180 1423 difficultatem
1204 1364 1294 1423 habe-

204 1466 278 1524 bant
291 1463 498 1542 percommode
510 1462 710 1540 expediuntur
726 1481 850 1542 eamque
865 1461 1049 1542 aliquantum
1064 1467 1293 1543 probabiliorem

205 1572 237 1627 st
258 1565 532 1626 convenientiorem
562 1572 635 1644 puto
658 1583 746 1646 quam
767 1565 981 1641 Sengebusohii
1004 1585 1106 1648 quam,
1137 1573 1294 1649 postquem

205 1669 314 1729 Laueri
332 1669 517 1743 sententiam,
538 1668 702 1746 peculiaria
721 1673 895 1743 argumente
912 1669 1093 1730 diversarum
1113 1671 1245 1749 gentium
1260 1673 1294 1732 in

206 1773 278 1833 Asia
295 1773 411 1832 demum
433 1771 466 1831 iu
484 1791 575 1832 uuum
594 1771 712 1830 tabulae
729 1771 812 1851 quasi
832 1790 939 1847 eorpus
955 1771 1103 1849 conligata
1120 1795 1192 1848 osse,
1213 1795 1294 1836 aoer·

205 1876 273 1936 bius
293 1875 466 1952 inprobavit
487 1875 538 1934 sed
559 1874 681 1934 minime
702 1873 834 1948 infregit,
861 1873 909 1933 his
929 1875 1003 1952 ipsis
1024 1876 1124 1936 verbis
1144 1878 1295 1953 protessus

205 1983 251 2038 est
271 1977 326 2038 ul.
349 1997 377 2054 p.
394 1973 504 2058 ⁶4¹l2²
533 1976 600 2049 „ich
623 1977 729 2051 glaube
756 1974 904 2035 vielmehr
924 1981 1038 2051 getrost
1059 1979 1228 2055 behauptsn
1256 1999 1294 2040 nu

206 2081 320 2154 diirien,
340 2081 407 2140 dass
422 2079 510 2154 lange
528 2097 583 2139 vor
599 2079 651 2137 der
665 2076 820 2154 jonischen
835 2076 1037 2156 Wanderung,
1060 2100 1084 2139 z.
1098 2082 1130 2141 B.
1145 2081 1178 2140 in
1193 2083 1293 2142 Athen

206 2183 253 2243 die
282 2181 468 2258 argivisoben
490 2180 588 2257 Sagen
616 2201 685 2240 vom
713 2179 863 2239 troischen
886 2181 995 2258 Kriege
1025 2202 1058 2242 so
1087 2189 1141 2260 gut
1161 2183 1295 2246 bekannt

204 2303 305 2348 varen
331 2285 389 2347 wie
416 2284 448 2344 in
470 2288 567 2359 Argos
596 2283 689 2342 selbst
717 2283 778 2342 und
800 2283 867 2342 dass
890 2284 939 2344 ich
961 2283 1079 2345 melnen
1100 2287 1294 2348 athenisohen

206 2390 319 2449 Homer
340 2387 424 2448 nieht
444 2391 506 2446 erst
525 2387 558 2445 in
581 2385 707 2464 Smyrna
736 2389 814 2445 etwa
840 2385 874 2444 in
894 2387 951 2446 den
974 2388 1066 2447 durch
1092 2388 1147 2448 ibn
1169 2409 1206 2450 zu
1227 2409 1293 2451 ver·

99 2483 101 2488 ’
205 2491 433 2552 herrlioheuden
453 2487 532 2550 Steti
549 2487 751 2550 vollkommsn
774 2488 961 2550 einauveihn
986 2490 1149 2563 braucbs“;
1177 2512 1235 2571 qua
1257 2494 1294 2552 de

206 2595 329 2656 fictione
348 2594 413 2670 ipse
434 2611 489 2669 pro
511 2597 563 2651 tua
583 2595 668 2668 parte
689 2589 810 2649 iudices.
853 2590 958 2651 Potius
980 2611 1019 2652 ex
1037 2585 1197 2654 Aeolismis
1219 2615 1294 2675 quos

205 2699 232 2758 is
259 2696 385 2758 strictim
409 2693 564 2774 praeteriit
584 2692 723 2769 emergit,
751 2693 859 2752 iustam
887 2713 1002 2754 causam
1024 2696 1098 2756 viris
1126 2696 1295 2758 clarissmis

207 2801 258 2881 qui
286 2799 411 2860 Homeri
437 2814 594 2875 personam
622 2797 783 2856 tuebantur
811 2815 872 2855 non
901 2796 1045 2871 defuisse,
1076 2804 1110 2860 ut
1130 2800 1294 2860 Homerum

204 2907 277 2964 natu
297 2902 389 2962 luisse
412 2900 588 2960 Aeolensem
618 2900 668 2958 sed
691 2899 826 2958 Ionicum
856 2898 1008 2959 exstitisse
1029 2908 1146 2976 poetam
1171 2908 1292 2964 contem

205 3008 318 3066 derant
340 3037 382 3050 -·-
425 3003 502 3064 Sane
524 3001 615 3076 male,
639 3004 741 3075 oredo,
764 3000 883 3060 Ionicae
905 3002 988 3078 poesi
1011 3003 1244 3080 consuleremus,
1267 3007 1293 3066 ei

208 3127 272 3168 eum
295 3112 386 3168 totam
416 3107 453 3166 ab
477 3105 599 3165 Aeolica
620 3104 753 3164 derivare
779 3105 971 3164 studeremus.
1014 3095 1102 3166 [inim
1123 3127 1195 3168 vero
1216 3109 1293 3170 ratio

207 3209 339 3287 postulat
352 3214 387 3269 ut
407 3209 494 3268 nobis
508 3208 744 3285 persuadeamus,
765 3208 855 3267 Iones
876 3191 1047 3268 felicissima
1068 3216 1191 3272 naturae
1208 3211 1294 3291 quasi

205 3311 339 3390 agilitate
359 3311 532 3391 ingeniique
555 3309 687 3370 sollertia
706 3310 849 3370 florentes
878 3329 939 3370 non
960 3311 1048 3372 rudos
1076 3313 1168 3374 fuisse
1190 3319 1293 3375 cantus

206 3415 257 3476 sod
278 3416 379 3492 plures
399 3412 514 3473 fabulas
536 3411 672 3490 proprias
694 3411 867 3484 excoluisse,
888 3412 964 3472 sieut
985 3413 1159 3476 Nestoream
1181 3418 1292 3477 Phaea-

206 3517 349 3596 oeam⁴l)
378 3522 468 3596 atque
497 3516 623 3574 fortasse
645 3515 823 3594 Odyssean,
852 3517 940 3593 quam
962 3515 1066 3576 Troica
1095 3519 1293 3597 antiquiorem

204 3620 298 3680 fuisse
327 3617 568 3678 Muellenhoffius
597 3638 626 3694 p.
647 3620 686 3676 80
719 3617 791 3677 scite
824 3617 977 3691 enodavit,
1013 3638 1101 3699 quam
1132 3621 1294 3682 Aeolenses

206 3723 295 3783 ctiam
317 3720 465 3797 cognitam
480 3721 646 3780 habuerant
662 3719 703 3796 (p.
719 3718 782 3796 48),
805 3717 937 3799 eliasque
959 3726 990 3781 et
1008 3719 1041 3779 in
1055 3722 1175 3799 Pelopis
1196 3723 1295 3784 insula

71 3820 84 3872 ι’
206 3829 238 3886 et
258 3825 291 3883 in
306 3823 406 3884 Attice
428 3823 569 3885 conflatas
590 3841 645 3899 pro
668 3839 721 3881 sua
741 3826 827 3899 parte
847 3821 879 3880 in
896 3821 996 3881 Asiam
1017 3824 1200 3897 traduxisse;
1220 3826 1292 3887 item

207 3931 305 3988 autem
327 3926 438 3987 cultum
459 3945 562 3986 versus
582 3930 612 3983 et
629 3925 805 3985 elocutionis
823 3925 913 4001 longe
930 3925 1102 4001 provenisse
1124 3929 1293 4004 ponendum

207 4035 253 4091 est
275 4028 358 4108 (S·⁹·
379 4030 427 4108 1.).
471 4026 554 4092 Quae
577 4027 695 4108 quidem
717 4045 765 4086 res
792 4026 879 4087 valdo
907 4028 1024 4104 inpedit
1048 4047 1087 4088 ne
1115 4029 1293 4091 archaismos

206 4132 264 4206 vel,
281 4151 339 4212 quo
351 4131 500 4192 Ameisius
513 4152 541 4209 p.
553 4132 570 4190 7
587 4129 752 4203 inelinavit,
768 4149 804 4188 ea
818 4147 894 4210 quae
909 4130 1000 4206 vulgo
1013 4130 1210 4192 Aeolensibus
1227 4133 1293 4194 vin·

209 4235 345 4296 dieantur
365 4241 465 4295 tamen
485 4234 648 4294 eommunis
668 4232 787 4309 linguae
810 4231 938 4292 Graecae
957 4234 1079 4312 propria
1098 4234 1232 4309 fuerunt,
1253 4253 1293 4296 ex

276 4373 321 4436 et)
340 4368 410 4422 conr
422 4369 453 4419 Ε.
464 4363 576 4420 cardum
592 4382 618 4431 p.
631 4366 714 4436 ltoll.
731 4366 823 4428 Bergk.
839 4381 864 4430 p.
877 4369 935 4418 toll.
947 4369 1006 4419 art.
1027 4369 1194 4419 Mordenhold.
1213 4383 1237 4434 p.
1250 4371 1291 4419 31.
