3114 4994
690 499 751 565 165

177 652 309 729 amplam
330 654 486 714 admodum
509 647 669 732 ποιητικὴν
689 647 845 735 ἀρέσκειαν
871 657 1026 718 vindicans
1044 657 1097 720 illo
1119 657 1264 720 Herodoti

181 754 247 814 loco
270 755 389 815 laudato
411 761 505 817 totam
526 758 729 837 quaestionem
751 761 788 818 de
802 759 961 820 Aeolismis
983 764 1091 820 motam
1112 759 1169 821 eibi
1184 759 1266 820 visum

176 862 223 918 est
245 857 333 934 plane
351 860 560 936 prostravisss3
581 880 637 920 neo
660 860 818 922 defuerunt
838 861 889 921 ulii
911 862 1000 922 buius
1021 861 1146 923 rstionie
1166 861 1264 922 sdasr·

174 963 263 1020 tores.
293 962 372 1020 Num
386 963 473 1022 nobis
484 963 572 1022 etiam
587 963 828 1039 persuadebimus
842 963 895 1024 tali
910 964 1047 1044 contagio
1061 963 1119 1041 ipsi
1135 963 1262 1041 speciem

174 1062 277 1138 spicae
298 1063 416 1123 dialecti
437 1064 557 1124 deberi?
595 1064 671 1123 Mihi
688 1065 808 1144 quidem
829 1065 960 1127 minime.
1003 1066 1130 1126 Ubinam
1151 1083 1261 1145 quaeso

173 1184 305 1245 unquam
320 1165 353 1224 in
367 1166 553 1243 popularium
569 1186 619 1226 ore
635 1166 704 1226 talis
718 1185 813 1226 sermo
829 1169 1009 1243 versabatur,
1027 1167 1123 1247 qualis
1138 1172 1184 1228 est
1198 1167 1261 1228 Ho-

173 1267 300 1327 mericus
319 1267 368 1328 vel
385 1269 521 1329 Alcaicus
536 1270 587 1329 vel
601 1269 795 1329 Pindaricos?
826 1270 914 1330 Nunc
931 1289 1034 1332 omues
1047 1275 1127 1331 reete
1142 1275 1260 1348 negant

173 1369 301 1428 Ubinam
329 1371 451 1430 summis
478 1371 575 1447 poetis
603 1371 688 1432 licuit
712 1391 818 1432 vocum
849 1377 879 1433 et
899 1371 1060 1432 formarum
1082 1373 1195 1450 oopism
1222 1391 1260 1433 er

173 1471 345 1552 quisquiliis
366 1473 518 1550 popularis
533 1474 755 1535 consuetudinis
770 1493 916 1534 corrasam
937 1475 970 1534 in
985 1493 1070 1535 suum
1084 1495 1170 1535 usum
1191 1495 1260 1535 oon·

173 1574 310 1634 vertere?
344 1575 542 1636 Homericaua
564 1575 679 1637 aetate?
712 1577 801 1654 Apud
823 1576 967 1637 Graecos?
1003 1577 1069 1640 Hsc
1088 1576 1181 1654 igitur
1201 1577 1259 1636 dis·

174 1679 296 1754 putandi
319 1677 434 1738 notione
455 1677 532 1737 nihil
548 1679 692 1750 efficitur;
713 1679 793 1741 iuter
806 1679 947 1740 dialectos
969 1699 1042 1760 quus
1063 1679 1260 1760 loquebantur

175 1781 331 1856 populures
352 1799 460 1861 easque
476 1781 584 1860 quibus
605 1787 710 1858 poetae
725 1784 886 1842 utebantur
904 1801 1025 1842 necesse
1040 1786 1104 1842 crat
1119 1782 1170 1862 qui
1185 1781 1258 1842 illud

172 1871 286 1958 opin‘sti
308 1892 378 1943 sunt
398 1883 616 1960 distinguerent
637 1891 668 1946 et
682 1884 762 1961 leges
778 1885 886 1965 quibus
908 1903 1043 1965 quaeque
1058 1885 1259 1946 conformetur

172 1989 203 2044 et
225 1985 308 2063 quasi
331 1987 479 2047 sdolesost
500 1988 706 2068 anquirerent,
737 1989 816 2068 quod
839 1987 996 2048 discrimen
1021 1987 1073 2047 elii
1094 1993 1175 2049 reete
1189 1985 1257 2049 ‘non

170 2065 438 2167 negleireruntlfl).

256 2188 302 2248 Ds
323 2190 482 2270 lyricorum
496 2191 637 2252 videlicet
650 2191 780 2270 plurium
800 2191 992 2252 diclectornm
1012 2211 1069 2252 usu
1083 2192 1256 2268 Abrensius,

171 2292 224 2372 qui
246 2298 291 2353 est
311 2295 416 2353 harum
437 2313 535 2353 renum
557 2295 649 2354 iudex
670 2294 883 2371 sagacissimus,
910 2295 1029 2370 egregie
1050 2295 1256 2356 dissertatione

170 2395 287 2472 saepius
302 2396 432 2456 laudata:
456 2396 530 2456 iiber
544 2396 591 2455 die
609 2396 766 2474 Misohung
788 2399 840 2458 der
854 2397 986 2458 Dialeote
1007 2398 1039 2457 in
1062 2397 1115 2457 der
1130 2397 1256 2474 griechi-

168 2497 260 2558 schen
282 2499 377 2577 Lyrik
399 2499 630 2560 luculentissime
660 2505 692 2560 et
717 2507 803 2560 extre
824 2501 919 2561 omnis
942 2499 1134 2560 dubitationis
1160 2499 1253 2560 oleam

168 2601 321 2660 verissime
343 2602 456 2676 docuit,
487 2622 537 2662 ecs
564 2621 709 2684 nusquam
738 2623 792 2680 pro
814 2622 868 2662 suo
892 2603 1014 2679 ingenio
1042 2602 1251 2680 vel·arbitrio‚

168 2723 314 2782 nusquam
340 2710 463 2782 propter
490 2705 716 2782 geographiosm
745 2705 881 2782 stirpium
909 2704 1159 2788 dialeotorumque
1180 2707 1253 2768 vici·

169 2805 252 2892 niem¹
270 2806 379 2867 formes
408 2807 483 2867 alius
511 2808 627 2868 dialecti
655 2810 691 2868 ad
719 2807 913 2869 elocutionem
936 2807 1130 2885 principalem
1152 2811 1251 2870 admo-

167 2909 260 2982 visse,
289 2911 339 2969 ssd
361 2911 394 2969 in
414 2912 471 2971 beo
492 2929 525 2970 re
546 2911 720 2987 gravissima
741 2930 830 2970 unam
852 2910 1003 2990 solamque
1025 2917 1135 2972 certum
1156 2911 1251 2990 legem

167 3031 203 3071 sc
223 3012 368 3072 rationem
395 3013 429 3071 in
450 3013 548 3090 poesis
571 3013 688 3090 generis
717 3013 765 3074 oui
788 3013 914 3093 quisque
936 3013 1067 3074 studeret
1094 3019 1200 3075 notura
1221 3019 1252 3076 et

166 3114 267 3174 indole
283 3115 409 3192 positam
426 3122 542 3177 secutos
564 3135 636 3176 esse.
681 3115 891 3189 (lucratione,
914 3135 979 3175 cum
1000 3114 1072 3176 item
1094 3115 1125 3176 iu
1140 3119 1251 3178 Home·

166 3217 244 3278 ricos
265 3223 368 3294 poetas
390 3220 528 3297 quadret,
550 3219 655 3279 merito
678 3239 696 3278 c
717 3219 840 3278 crimine
863 3219 1061 3280 defenduntur
1083 3221 1161 3299 quod
1184 3239 1249 3282 cum

166 3320 287 3380 licentia
309 3321 402 3393 abusi,
424 3325 459 3380 ut
472 3321 578 3381 Dionis
592 3321 691 3381 verbis
706 3325 781 3393 utar,
804 3320 880 3381 siout
894 3313 930 3378 rol
944 3313 1084 3400 χρώματα
1099 3317 1131 3380 οἱ
1143 3319 1251 3397 βαφεῖς

166 3421 287 3498 linguae
309 3427 409 3499 portes
431 3421 672 3496 conmisouerint,
701 3427 764 3482 tum
786 3423 916 3483 carmine
937 3441 976 3482 ex
996 3423 1157 3484 incolarum
1181 3443 1249 3486 cou-

166 3525 238 3584 finio
254 3525 376 3584 Aeolico
397 3524 559 3585 imbuerint
576 3526 682 3584 colore.
727 3524 801 3585 Tota
823 3525 936 3586 scilicet
956 3525 1054 3602 poesis
1076 3525 1168 3602 epioe,
1191 3545 1250 3606 qus

165 3647 213 3689 res
235 3630 356 3689 deorum
378 3632 408 3688 et
422 3629 545 3687 heroum
559 3627 680 3686 uberius
694 3627 848 3708 bisiusque
862 3631 1046 3701 enarrentur,
1069 3645 1145 3707 quae
1159 3627 1248 3688 etiem

166 3733 203 3791 sd
224 3730 380 3809 populeris
400 3734 574 3806 argumenta
600 3729 746 3806 sdplioate
773 3735 832 3803 est,
862 3735 897 3790 ut
924 3731 961 3788 eb
987 3729 1075 3790 initio
1102 3748 1120 3788 e
1147 3729 1248 3792 riddo

165 3835 353 3913 popularium
381 3851 516 3892 sermone
543 3831 753 3910 proficiscitur,
783 3832 826 3892 ita
847 3832 967 3909 paulum
996 3832 1150 3892 admodum
1179 3851 1247 3909 pro·

165 3942 251 3998 vecta
269 3940 299 3996 ct
313 3936 432 3995 exculta
447 3953 544 4014 neque
560 3940 640 3994 neret
654 3939 717 3996 erto
731 3953 786 3994 neo
801 3933 941 3994 destituta
956 3937 1001 3994 est
1021 3935 1109 3994 certis
1124 3933 1247 4010 legibue,

166 4058 243 4120 quse
272 4038 468 4098 elocutionem
497 4037 660 4114 simplicem
689 4042 720 4098 et
749 4037 786 4096 od
815 4055 863 4097 res
892 4036 1073 4113 aptissimam
1101 4036 1247 4114 flagitent.

163 4143 271 4219 Itaque
292 4145 398 4217 poetae
419 4141 496 4219 epici
518 4160 585 4200 oum
606 4141 643 4198 sb
664 4138 769 4199 ultima
789 4144 885 4202 aetate
911 4158 960 4200 res
980 4143 1150 4218 repeterent
1170 4139 1246 4200 euti·

163 4241 368 4252 ———

237 4275 280 4340 38)
298 4276 336 4324 ct
354 4291 417 4337 quse
434 4278 557 4339 Bergkius
574 4277 605 4325 ds
621 4275 767 4324 Homericos
788 4274 887 4338 linguae
909 4276 1005 4326 ratione
1028 4275 1144 4340 exposuit
1158 4289 1182 4340 p.
1195 4277 1243 4328 ool

163 4363 255 4410 -855,
