3092 4996
709 519 729 583 3

176 680 389 758 perlustrandis
407 679 560 756 paululum
576 676 733 749 inmorari,
757 695 816 756 quo
835 675 988 736 videamus
1005 677 1076 755 quid
1094 679 1133 736 sit
1148 681 1262 740 Aeolis-

176 801 240 842 mus
262 782 439 840 Homericus
462 785 493 839 et
514 783 627 838 certam
647 777 830 836 diiudicendi
851 797 985 838 normam
1006 778 1193 854 accipiamus.

262 885 448 963 Quamquam
462 883 523 940 iam
541 881 600 952 diu,
623 883 703 938 certe
716 879 814 938 modio
832 881 949 940 saeculo
970 880 1083 959 quinto,
1109 899 1176 940 cum
1191 885 1259 941 uni-

174 1006 261 1047 versa
279 987 459 1046 Graecorum
476 982 675 1042 institutionis
693 983 770 1040 ratio
789 981 936 1042 niteretur
952 982 1082 1042 lectione
1099 983 1262 1043 carminum

176 1107 243 1148 cum
264 1093 421 1166 poctarum
435 1086 561 1144 aliorum
578 1089 642 1143 tum
660 1083 800 1157 Homeri,
831 1085 1011 1144 exstiterant
1026 1083 1078 1164 qui
1093 1085 1125 1144 in
1146 1085 1265 1160 legendi

176 1211 263 1249 usum
275 1189 421 1250 vocabula
435 1188 586 1247 recondita
598 1187 789 1260 conlegerent
803 1187 960 1266 vanasque
970 1205 1059 1249 voces
1073 1187 1266 1264 disponerent

176 1293 518 1370 interpretarenturque,
536 1290 616 1349 inter
629 1308 702 1368 quos
714 1289 838 1348 Homeri
850 1287 1139 1368 glossographos11)
1152 1290 1265 1366 primus

175 1393 298 1454 videtur
315 1393 408 1452 fuisse
422 1392 610 1452 Democritus
627 1390 772 1450 Abderita
784 1391 842 1469 18),
866 1390 1058 1450 Aeolensinm
1074 1411 1147 1453 vero
1163 1397 1266 1469 poeta·

176 1515 243 1554 rum
261 1495 507 1556 commemorandi
531 1498 601 1553 sunt
616 1494 818 1552 Dicaearchus
836 1493 1004 1552 Messenius
1020 1493 1128 1554 Gallias
1144 1495 1266 1572 Mytile-

176 1616 268 1656 000οε
283 1598 457 1657 Ohamaalao
471 1595 723 1675 Heracleota13),
746 1594 871 1654 aliorum
889 1594 949 1669 alii,
971 1601 1072 1655 tamen
1088 1615 1175 1656 nemo
1195 1603 1265 1657 ante

109 1773 111 1776 Ι
174 1699 395 1759 Alexandrinos
409 1701 446 1758 de
461 1697 644 1773 singularum
658 1697 852 1757 dialectorum
862 1698 1070 1776 discrepantiis
1086 1704 1117 1758 et
1129 1700 1264 1777 propris-

174 1801 286 1860 tatibus
309 1801 515 1861 examinandis
539 1801 768 1880 adcuratiusque
793 1800 994 1860 describendis
1021 1800 1180 1876 cogitavit,
1213 1803 1265 1861 sed

174 1906 229 1963 snb
240 1905 384 1964 Zenodoti
396 1903 513 1962 demum
524 1908 652 1962 aetatem
662 1903 695 1960 hi
706 1903 829 1961 illorum·
835 1902 1053 1962 commentariis
1063 1903 1202 1964 instructi
1214 1905 1263 1982 14)

174 2011 269 2065 totam
284 2025 359 2086 quae
376 2011 422 2065 est
436 2007 472 2064 de
483 2004 617 2063 dialectis
629 2004 818 2080 disciplinam
834 2005 1004 2064 excitarunt
1018 2004 1101 2062 cuius
1115 2005 1148 2063 in
1158 2006 1264 2066 funda·

175 2109 285 2168 mentis
307 2107 450 2167 iaciendis
472 2107 602 2167 maxime
623 2106 787 2183 Dionysius
810 2105 930 2164 Iambus
955 2105 1078 2184 eiusque
1104 2107 1265 2184 discipulus

173 2210 391 2285 Aristophanes
402 2209 566 2286 Byzantius
582 2208 723 2269 ridentur
738 2208 904 2266 elaborasse
917 2205 977 2283 ¹⁶).
1010 2208 1075 2265 Iam
1092 2228 1163 2269 vero
1180 2230 1265 2287 prae·

174 2312 261 2388 cipue
278 2311 374 2388 primo
391 2329 416 2370 a.
432 2311 463 2370 0.
479 2329 509 2370 n.
524 2309 641 2370 saeculo
658 2309 691 2367 in
707 2291 901 2368 dialectorum
915 2309 1094 2368 tractatione
1112 2316 1142 2370 et
1154 2312 1263 2374 multos

174 2419 205 2472 et
227 2415 322 2472 bonos
345 2412 552 2487 grammaticos
578 2411 675 2470 studia
700 2416 843 2488 occupata
860 2411 1000 2470 habuisse
1018 2412 1141 2471 nomina
1158 2415 1266 2475 docent

174 2516 290 2575 Seleuci
301 2513 454 2574 Homerici
467 2513 518 2592 l⁶)
534 2513 820 2592 Tyrannionum1⁷)
835 2512 993 2572 Aristoclis
1004 2514 1115 2574 Rhodii
1126 2513 1174 2592 ¹⁸)
1192 2517 1264 2574 Phi·

174 2617 339 2693 loxcni19)
359 2616 510 2693 Pamphili
523 2615 574 2694 ²⁰)
597 2615 722 2700 aliorum
745 2618 825 2675 inter
846 2635 919 2696 qnos
937 2616 1068 2675 omnium
1083 2618 1264 2679 acerrimum

246 2751 288 2817 11)
306 2767 331 2799 v.
343 2752 442 2800 Lahrsii
455 2751 546 2798 librum
564 2751 594 2799 de
609 2751 746 2798 Aristarchi
759 2751 822 2799 stud.
834 2752 935 2799 Homer.
954 2765 978 2812 p.
992 2751 1040 2800 35²
1054 2767 1090 2812 sq.
1109 2758 1135 2801 at
1146 2751 1264 2802 Gracieu-

174 2838 242 2885 hanii
258 2838 315 2884 hist.
334 2838 454 2898 philolog.
473 2836 564 2895 antiqu.
584 2838 604 2883 I.
621 2851 645 2897 p.
659 2837 803 2886 167-190.
822 2837 965 2886 530-507.

244 2921 287 2986 12)
304 2923 336 2968 ct'.
356 2923 521 2982 Sergebusch.
540 2922 599 2969 diss.
618 2923 690 2970 Hom.
704 2925 724 2969 Ι.
742 2938 765 2983 p.
780 2925 821 2971 52.
834 2923 892 2970 160.

245 3007 287 3070 16)
305 3007 335 3056 de
347 3008 478 3056 Heraclide
490 3008 593 3055 Pontico
606 3021 678 3066 quam
690 3007 846 3056 Eustachium
863 3007 977 3056 laudasse
995 3006 1094 3056 Giesius
1105 3009 1167 3056 dixit
1184 3025 1208 3072 p.
1221 3013 1262 3071 ct,

176 3093 277 3151 erravit,
295 3092 326 3139 cs.
339 3096 388 3140 not.
402 3097 442 3142 29.

244 3177 286 3240 14)
304 3191 329 3223 v.
347 3171 427 3224 Lehrs
444 3192 469 3238 p.
481 3180 522 3225 43.

244 3261 286 3324 15)
305 3262 335 3309 ct'.
354 3261 459 3309 Nauckii
476 3263 563 3322 fragm.
581 3261 707 3322 Aristoph.
725 3263 785 3322 Byz.
803 3275 826 3321 p.
841 3263 865 3310 2.
884 3262 924 3308 69.
945 3263 990 3320 76,
1016 3261 1225 3312 Graefcnhanium
1242 3267 1261 3313 I.

176 3359 201 3405 p.
215 3345 264 3394 643
277 3361 314 3405 sq.
333 3353 431 3406 praeter
442 3347 529 3394 Wolfii
540 3348 638 3406 Proleg.
656 3361 680 3406 p.
693 3346 780 3422 ccvi,
799 3345 903 3407 Sengeb.
916 3361 940 3408 p.
954 3348 994 3394 64.
1026 3349 1170 3397 Rectissime
1182 3357 1263 3400 autem

175 3430 223 3476 boc
240 3435 383 3489 argumento
400 3445 459 3480 usus
472 3433 629 3480 Hellanicum
646 3433 833 3491 grammaticum
851 3431 893 3492 qui
910 3433 940 3480 de
959 3433 1111 3492 quarundam
1128 3436 1262 3482 formarum

175 3513 281 3561 dialecto
293 3523 460 3575 praeceperat,
478 3531 494 3563 a
509 3521 608 3564 vetusto
620 3517 737 3564 historico
749 3518 858 3565 ciusdem
871 3519 976 3566 nominis
989 3519 1132 3579 segregavit
1142 3518 1260 3578 Sturaius,

174 3600 272 3647 Hellen·
291 3598 375 3646 Lesbii
392 3599 421 3646 fr·
439 3614 463 3659 P·
477 3603 602 3661 30-34,
626 3603 666 3650 cui
683 3617 768 3650 omnes
786 3617 842 3649 cum
858 3603 949 3663 Wolfio
966 3618 991 3664 p.
1006 3603 1117 3650 CXCIII.
1135 3619 1159 3650 n.
1172 3606 1212 3652 61.
1237 3611 1261 3654 ct

175 3684 298 3732 Grouerto
316 3684 342 3730 in
360 3697 448 3731 comm.
467 3698 529 3743 quae
547 3691 598 3732 est:
621 3687 683 3735 tiber
698 3688 739 3734 die
757 3688 850 3734 homor.
869 3687 1034 3736 Choriaonten
1057 3690 1083 3734 in
1100 3689 1163 3735 Mus.
1181 3689 1261 3737 Rhcn.

174 3775 224 3818 vet.
237 3770 256 3817 1.
274 3770 364 3830 (1827)
381 3782 406 3829 p.
420 3768 477 3826 206,
495 3783 622 3819 aseneum
639 3772 812 3832 praebuerunt.
1093 3772 1096 3780 '

244 3853 287 3919 16)
304 3855 336 3902 ci.
355 3853 520 3901 Graeionhan.
535 3855 578 3901 111.
596 3869 621 3914 p.
635 3860 691 3906 203.

245 3939 288 4004 17)
304 3955 329 3987 v.
341 3941 439 3999 Plancr,
456 3941 487 3986 de
505 3953 608 3999 gramm.
622 3941 779 4002 Tyrannione
795 3944 820 3989 in
833 3955 915 4002 progr.
929 3957 1012 4003 gymn.
1025 3941 1167 3991 Ioachimici
1178 3944 1259 3992 Berol.

174 4039 197 4073 a
212 4028 285 4074 1662,
304 4040 328 4085 p.
342 4028 366 4074 8.
379 4025 402 4070 9.

245 4107 287 4174 18)
304 4125 329 4157 v.
348 4109 426 4158 Maur.
445 4109 562 4169 Schmidt,
581 4111 682 4172 Didymi
700 4111 827 4160 Chalcent.
845 4113 875 4158 t'r.
891 4128 916 4174 p.
930 4113 970 4160 25.

245 4197 287 4256 16)
304 4209 330 4242 v.
356 4196 390 4242 Μ.
416 4195 533 4244 Schmidt.
557 4197 583 4243 iu
605 4195 695 4243 Philol.
713 4196 756 4242 IV.
776 4201 825 4246 630
838 4211 874 4256 sq.
901 4196 942 4242 Vl.
957 4197 1112 4245 660-666.
1154 4197 1261 4260 Songeb.

175 4295 200 4340 p.
214 4282 254 4329 64.

243 4362 286 4429 20)
304 4381 328 4412 v.
349 4364 513 4414 Gracicnhan.
526 4368 570 4414 lll.
588 4381 611 4426 p.
625 4369 681 4414 205.

1001 4452 1043 4513 1*
