3114 4994
705 429 763 496 101

190 579 289 644 λάκων
305 585 329 646 I.
343 591 392 645 85.
405 585 441 643 Κ.
456 591 504 645 56.
519 592 588 646 131.
614 579 755 645 Φύλακον
772 589 805 646 Ζ.
821 593 869 647 35.
895 581 1048 647 Φυλάκοιο
1066 607 1090 647 ο.
1104 589 1188 664 231.)
1204 582 1279 669 μάρ·

190 705 279 766 sepes
296 687 349 765 (Η.
368 688 419 747 ιο.
441 709 471 745 τ.
485 695 555 748 κιο.
578 681 722 769 μάρτυροι
741 690 779 746 Α.
794 695 863 749 eae.
882 691 915 747 Β.
929 695 1001 750 scs.
1025 691 1057 749 Γ.
1070 696 1140 749 aec.
1162 685 1277 754 aava.

194 789 231 848 X.
249 794 320 848 255.
343 809 371 847 α.
389 790 460 849 273.
484 788 506 861 ξ.
525 797 595 864 394,
617 811 672 870 pro
696 811 754 871 qua
771 794 868 851 forma
888 793 1063 873 plerumque
1084 794 1117 851 iu
1138 812 1278 854 versuum

190 891 278 951 initio
295 893 332 951 de
342 891 506 952 'iuramenti
520 893 647 952 testibus
665 899 808 970 usurpata
822 895 990 953 Zenodotus
1010 886 1155 973 μάρτυρες
1170 896 1278 973 proba-

190 999 276 1055 verat
294 1011 326 1055 v.
349 995 475 1054 Laroch.
499 1015 527 1072 p.
544 997 617 1075 303)
647 989 851 1073 ἑκατόγχειρον
877 998 914 1053 A.
933 1002 1003 1055 402.
1048 996 1170 1056 Scilicet
1198 997 1278 1073 apud

189 1096 333 1155 Alcaeum
356 1115 409 1173 pro
432 1089 514 1175 άγάν
536 1089 665 1175 άγωνος,
689 1099 768 1178 quod
790 1117 807 1157 a
828 1098 955 1176 pristina
976 1101 1072 1158 forma
1092 1098 1209 1173 longius
1231 1119 1278 1158 re-

191 1199 294 1258 cedere
309 1198 461 1268 Hiraelius
482 1221 512 1277 p.
532 1204 569 1258 55
595 1201 680 1274 dixit,
703 1201 835 1260 crebrius
850 1201 959 1260 lectum
980 1201 1072 1260 fuisse
1094 1199 1279 1275 grammatici

189 1301 403 1374 testificantur,
436 1303 472 1360 cf.
493 1304 531 1362 fr.
550 1307 608 1361 120
638 1302 689 1361 ubi
712 1303 857 1378 Bergkius
878 1304 953 1362 haec
976 1300 1078 1361 Photii
1106 1305 1199 1363 verba
1227 1303 1277 1362 ad-

190 1403 326 1480 scripsit:
347 1395 462 1481 άγωνος
474 1437 509 1450 -
523 1396 620 1474 οὕτως
640 1397 775 1474 Ἀλκαῖος
790 1396 808 1464 ά
824 1396 945 1481 λυρικάς
959 1396 1101 1474 πολλάκις
1117 1397 1276 1484 ἒχρήσατος

128 1527 130 1532 ·
190 1505 238 1566 cui
261 1505 286 1564 si
310 1505 469 1578 credimus,
499 1511 632 1582 praestat
653 1507 852 1584 suspicionem
875 1525 963 1586 quam
984 1507 1150 1566 Abreusius
1172 1508 1278 1584 adpor-

189 1608 282 1681 tavit,
314 1609 516 1668 accusativum
545 1609 640 1668 solum
662 1600 779 1688 άγωυου
801 1609 944 1686 peculiari
966 1609 1088 1669 Aeolica
1118 1629 1200 1669 more
1222 1629 1276 1686 pro

191 1702 334 1788 άγωναῖν)
364 1708 446 1786 (nam
471 1710 514 1768 sic
535 1711 674 1772 breviora
695 1714 787 1772 verba
813 1710 968 1788 intellego)
995 1712 1155 1786 figuratum
1176 1711 1278 1786 fuisse,

190 1813 307 1872 abicere
329 1817 419 1890 atque
440 1812 551 1871 iustum
573 1814 799 1890 metaplasmum
827 1832 996 1888 agnoscere.
1041 1815 1118 1872 Nam
1141 1815 1219 1893 quod
1245 1813 1277 1874 iu
1372 1807 1378 1820 ⁸

188 1914 235 1974 tit.
257 1915 338 1974 (lum.
362 1919 461 1974 exstat
479 1910 509 1974 ἐν
531 1914 571 1995 τῷ
589 1908 691 1993 ἀγῶνι,
713 1915 873 1992 lapicidam
887 1917 1122 1991 Lampsacenum
1137 1916 1278 1975 Aeolicae

189 2016 309 2076 disiecti
336 2017 474 2090 ignarum
501 2018 579 2076 hanc
609 2023 779 2078 consuetam
806 2036 909 2077 vocem
935 2017 968 2074 in
997 2017 1137 2076 Aeolicae
1168 2009 1276 2098 άγάνιμ

189 2119 286 2178 locum
304 2119 491 2178 substituisse
509 2120 619 2191 credas,
641 2140 669 2180 v.
682 2121 755 2180 Ahr.
768 2121 793 2178 Ι.
810 2140 839 2196 p.
854 2120 869 2176 7
890 2118 962 2178 item
979 2118 1015 2177 de
1030 2119 1073 2199 τῷ
1087 2122 1274 2178 statuentem.

273 2222 403 2298 Propter
423 2223 501 2280 hanc
529 2221 623 2296 igitur
647 2219 814 2296 analogiam
836 2221 1021 2295 grammatici
1049 2221 1085 2279 de
1107 2220 1276 2280 Homericis

189 2323 333 2401 exemplis
360 2327 529 2383 statuerunt
555 2325 709 2398 genetivus
731 2323 852 2383 Aeoliae
879 2323 912 2381 in
941 2322 1141 2385 nominativos
1167 2322 1276 2382 transi·

186 2425 294 2498 luisse;
324 2427 361 2484 of.
382 2443 457 2506 quae
476 2425 652 2485 Schseferus
679 2426 717 2484 ad
737 2426 824 2500 Gneg.
845 2425 910 2484 (lor.
936 2425 972 2483 de
994 2425 1062 2484 dial.
1079 2423 1164 2484 Aeol.
1184 2422 1210 2502 ξ.
1226 2426 1275 2484 17.

187 2549 216 2604 p.
232 2531 290 2586 591
312 2529 410 2588 ecod.
426 2528 459 2587 B.
478 2527 646 2590 adnotavit:
669 2524 713 2605 (cl
726 2524 857 2605 Αἰολεῖς)
879 2519 932 2596 τάς
952 2517 1069 2606 γενικάς
1090 2522 1132 2595 εἰς
1154 2519 1276 2596 εὐθείας

189 2621 361 2706 μετάγοντες
383 2621 401 2689 o‘
416 2622 567 2707 μάρτυρος
582 2627 712 2689 κλίνουσι
727 2631 781 2687 τοῦ
797 2622 949 2708 μαρτύρου
967 2624 1017 2686 καλ
1040 2618 1058 2687 c‘
1073 2621 1207 2701 φύλακος
1222 2629 1276 2687 τοῦ

190 2724 337 2804 φυλάκου.
381 2731 439 2790 Sed
460 2737 495 2791 ut
515 2734 594 2790 hane
614 2749 718 2792 vocem
740 2732 840 2790 statim
862 2731 1026 2803 absolvam,
1053 2729 1102 2789 hic
1124 2731 1216 2791 schol.
1239 2731 1277 2790 ad

189 2832 289 2910 Apoll.
302 2834 398 2894 Rhod.
413 2835 438 2895 I.
456 2839 515 2893 132
531 2833 675 2894 inseram:
698 2825 847 2908 φύλακος·
865 2825 1007 2902 Ἰωνικοῖς
1025 2823 1043 2892 ά
1058 2825 1161 2908 φύλαξ.
1176 2825 1276 2904 Ἴωνες

189 2929 223 2992 δὲ
244 2930 277 2993 ἐκ
298 2936 358 2994 τῶν
379 2936 503 3014 γενικῶν
525 2937 665 2994 ποιοῦσιν
687 2930 825 3008 εὐθείας,
854 2935 910 2992 τοῦ
932 2926 1067 3008 φύλακος
1090 2925 1109 2994 o‘
1130 2929 1273 3008 φύλακος,

189 3037 243 3095 τοῦ
266 3029 416 3114 μάρτυρος
443 3025 461 3095 ά
490 3013 650 3116 μάρτυρος.
680 3038 735 3096 τοῦ
764 3032 795 3096 δὲ
817 3030 954 3110 φύλακας
981 3031 1193 3112 ὀξυντουητέον
1221 3029 1276 3113 τὴν

189 3130 321 3215 πρώτην.
364 3129 547 3216 Ἡρωδιανὸς
568 3133 601 3197 di
623 3131 676 3213 τὴν
697 3141 865 3198 τελευταῖαν
878 3131 978 3209 ὀξάνει
1000 3137 1170 3217 (exscripsit
1185 3139 1275 3199 etiam

189 3241 317 3300 Laroch.
333 3262 361 3318 p.
375 3240 465 3318 376);
488 3246 578 3320 atque
592 3241 756 3302 rectissime
777 3243 852 3301 haec
866 3241 1018 3301 adnotatio
1034 3259 1065 3299 se
1080 3242 1183 3312 habet;
1205 3262 1275 3301 nam

188 3343 285 3401 forma
307 3334 441 3414 φύλακος
463 3362 538 3423 quac
560 3344 665 3402 melius
689 3363 777 3424 quam
799 3335 895 3416 φύλαξ
916 3344 961 3403 ad'
974 3342 1130 3422 pristinam
1152 3343 1275 3420 stirpem
1366 3341 1368 3344 ’

188 3441 268 3503 redit
283 3444 323 3519 (v.
335 3439 460 3523 Hirzel.)
476 3465 535 3505 uon
551 3445 674 3505 Aeolica
687 3445 737 3508 vel
751 3445 869 3520 Dorica,
894 3445 971 3524 quod
986 3444 1118 3503 Koenius
1133 3445 1171 3502 ad
1186 3445 1274 3518 Greg.

189 3567 219 3623 p.
236 3549 294 3603 592
310 3547 506 3621 adseveravit,
530 3550 580 3608 sed
597 3569 630 3607 re
645 3567 716 3609 vera
732 3548 837 3606 Ionica
849 3548 908 3606 tuit
930 3549 965 3605 cf.
984 3547 1127 3605 Herodot.
1140 3547 1166 3604 I.
1186 3565 1209 3604 c.
1224 3551 1273 3605 34.

190 3648 233 3705 Π.
256 3666 278 3706 e.
296 3652 368 3708 113:
398 3641 540 3722 φύλακος.
572 3651 796 3710 asanaa:
823 3641 988 3721 φυλάκους.
1021 3647 1107 3708 VIII.
1126 3651 1179 3706 39:
1211 3647 1274 3705 Φυ-

189 3741 283 3808 λάκου
307 3751 508 3829 praebentem.
531 3787 573 3796 —
615 3751 662 3811 De
689 3751 904 3811 altercantem
931 3749 1075 3812 vocabulo
1102 3749 1178 3807 mira
1204 3755 1276 3810 sunt

189 3852 354 3912 Herodian
377 3853 642 3914 testimoniatus
663 3873 694 3912 ιτ.
710 3858 781 3912 κατ.
799 3873 849 3932 πρ.
866 3854 891 3911 1.
913 3873 942 3930 p.
954 3853 1003 3910 ιι.
1026 3835 1178 3928 (isaie.
1201 3857 1273 3925 ase,

193 3958 241 4012 13.
272 3973 303 4011 ιτ.
326 3956 552 4029 assuesti,
574 3960 620 4014 16.
652 3975 682 4014 τι.
706 3949 888 4035 ὀρθογρ.Π.
909 3958 1045 4036 543122.
1074 3971 1105 4010 τι.
1128 3944 1273 4036 άνομ.Π.

192 4059 263 4128 615,
282 4061 426 4117 οτι-ιο.
455 4077 486 4115 τ.
507 4054 578 4116 asts.
598 4048 682 4132 ὄνομ.
701 4059 743 4117 11.
766 4078 794 4135 p.
812 4057 882 4130 747,
900 4055 969 4133 aa:
995 4045 1031 4114 et
1054 4049 1095 4124 εις
1122 4058 1160 4134 ορ
1182 4047 1274 4133 βαρύ-

106 4147 110 4157 ’
190 4177 270 4216 υεται
292 4148 359 4217 οἷον
380 4151 504 4239 μάρτυρ.
527 4157 635 4238 γίνεται
655 4153 687 4218 δὲ
709 4155 743 4218 ἐκ
760 4159 815 4217 τοῦ
836 4150 948 4235 μάρτυς
969 4149 1044 4216 κατά
1065 4149 1120 4231 τὴν
1141 4137 1275 4216 Αἰολέων

192 4247 360 4320 dedicasse·
384 4256 490 4322 ἐκεῖνοι
512 4254 569 4342 γάρ
590 4266 623 4322 τό
647 4277 667 4320 σΙ
685 4257 727 4331 εἰς
745 4283 762 4341 ρ
783 4253 1006 4339 μεταβάλλουσι.
1017 4251 1051 4322 τά
1074 4246 1161 4329 οὗτος
1182 4245 1274 4338 οὗτορ
