3092 4996
848 462 891 526 50

271 695 275 704 1
326 641 380 700 pro
402 612 464 697 θὴρ
486 619 563 678 dixit
576 619 706 691 Aeoliee,
729 617 780 676 ubi
802 618 838 676 de
860 621 1000 677 centauro
1023 637 1119 678 sermo
1139 621 1186 676 est
1207 616 1247 694 (v.
1264 618 1355 677 Peter
1376 619 1409 676 dc

326 721 393 782 dial
408 721 494 780 Pind.
516 739 545 798 p.
561 722 632 798 20);
663 721 716 780 sed
737 718 810 780 alias
830 719 884 777 ubi
907 720 944 778 de
964 719 1070 779 bestiis
1091 719 1190 794 agitur
1211 723 1243 778 et
1262 719 1410 778 Homerus

323 842 427 886 vocem
448 815 670 901 tripadhibuit
699 826 730 881 et
750 821 877 880 Alcman
901 820 934 880 in
955 821 992 880 l’r.
1014 827 1062 894 60,
1085 828 1122 880 4:
1149 821 1246 899 θῆρες
1269 812 1411 902 ὀρεσκῷοι

323 925 477 1004 ceteroqui
491 923 636 984 eiusmodi
650 923 868 982 Aeolismorum
889 926 1003 982 ametor
1019 923 1072 1001 (cf.
1087 920 1208 996 φοίναις
1222 942 1277 999 pro
1293 920 1410 990 θοίναις

321 1029 358 1087 fr.
378 1032 462 1099 24,1
495 1018 679 1099 achivorum
706 1025 867 1100 eBerglrii
896 1024 1066 1084 coniectura
1089 1026 1125 1083 fr.
1143 1029 1192 1097 34,
1212 1029 1246 1095 2,
1278 1026 1353 1083 Ahr.
1370 1026 1408 1083 Π.

322 1149 353 1206 p.
373 1133 422 1200 81,
444 1128 481 1186 de
501 1129 640 1188 mistione
662 1127 855 1186 dialectorum
876 1127 954 1202 apud
979 1126 1089 1204 lyricos
1109 1147 1139 1203 p.
1157 1125 1250 1206 6819).
1295 1127 1409 1184 Ahren-

321 1231 385 1290 sius
406 1249 477 1290 vero
491 1231 518 1288 ΙΙ.
540 1249 569 1306 p.
586 1233 646 1287 219
668 1247 772 1288 vocem
787 1227 985 1287 Tbessalicam
1006 1229 1112 1288 habuit
1133 1229 1204 1308 quia
1218 1228 1359 1287 Centauri
1379 1229 1409 1286 in

321 1331 475 1394 Thessalia
494 1331 679 1402 habitabant,
701 1335 790 1409 atque
812 1330 961 1388 Ameisius
981 1349 1010 1406 p.
1030 1335 1069 1388 30
1091 1331 1207 1389 fabulas
1228 1330 1264 1388 de
1286 1330 1326 1388 iis
1346 1330 1407 1389 vul-

317 1441 407 1511 vgates
428 1432 609 1492 albeesalis
630 1433 668 1490 ad
682 1433 773 1490 Iones
794 1449 859 1489 esse
879 1436 1059 1508 propagatas
1080 1432 1204 1491 censuit
1246 1431 1306 1490 Sed
1321 1432 1409 1490 Thes-

322 1537 459 1597 salismus
479 1553 541 1594 uon
569 1533 664 1610 magis
685 1533 784 1609 placet
813 1552 901 1612 quam
923 1535 1105 1604 Aeolismus3
1134 1541 1214 1592 certe
1241 1541 1306 1593 erat
1333 1536 1409 1610 apud

321 1638 485 1698 Aeolenses
505 1653 626 1715 quoque
653 1641 685 1693 et
705 1635 806 1692 fabula
828 1643 859 1694 et
880 1655 954 1706 vox,
981 1635 1026 1694 ita
1051 1642 1086 1694 ut
1114 1635 1149 1694 de
1176 1653 1212 1695 ea
1237 1657 1299 1694 non
1327 1637 1410 1696 aliter

321 1739 512 1799 iudicandum
538 1737 580 1798 sit
601 1755 690 1816 quam
712 1738 750 1796 de
769 1737 909 1817 reliquis;
938 1737 975 1796 ef.
997 1736 1142 1814 Hesychii
1167 1738 1295 1813 glossam
1317 1739 1410 1814 φῆρες

321 1839 354 1902 οἱ
365 1834 532 1918 Κένταυροι
547 1836 706 1906 Αίοίικοῑς,
724 1844 755 1898 et
769 1838 864 1915 φηρία
879 1838 975 1917 θηρία
989 1835 1123 1910 Αίοίεῖς;
1145 1859 1173 1898 ν.
1190 1840 1355 1898 Herodian.
1369 1843 1408 1899 Il.

317 1937 446 2022 ὄρθογρ.
462 1943 505 2002 ΙΙ.
525 1961 555 2018 p.
572 1947 643 2013 509,
663 1947 681 1999 2
704 1946 736 2000 et
753 1940 845 2001 schol.
862 1942 897 2000 L.
919 1941 956 1999 ad
974 1943 1012 1999 A.
1032 1947 1103 2000 268.

406 2046 439 2124 2)
468 2045 539 2104 Pari
565 2045 652 2102 modo
679 2043 834 2118 legebatur
861 2063 888 2120 ρ.
909 2048 970 2102 221
995 2041 1155 2116 cuperus,
1184 2063 1264 2102 nunc
1292 2045 1408 2119 vulgari

314 2151 412 2213 serbo
434 2145 575 2222 θλίψεται
599 2145 810 2217 oblitteratum,
839 2147 918 2225 quod
941 2149 972 2204 et
992 2147 1072 2220 apud
1093 2146 1258 2204 Homerum
1280 2152 1312 2206 et
1333 2149 1408 2224 apud

319 2251 509 2310 Theocritum
533 2244 680 2324 (φίίβειαι
699 2252 746 2319 15,
764 2246 818 2322 76)
839 2248 1021 2322 ρΕιιαθαίίιίιιο
1040 2267 1071 2323 p.
1091 2253 1160 2320 101,
1181 2253 1230 2306 46.
1256 2249 1350 2323 1817,
1370 2255 1406 2307 38

262 2325 267 2340 .
320 2355 369 2432 (cf.
388 2353 479 2412 schol.
500 2369 567 2410 cum
585 2348 760 2409 Buttmanni
782 2349 862 2425 adn.)
891 2349 989 2425 planis
1014 2349 1115 2409 verbis
1141 2351 1222 2410 inter
1242 2352 1408 2410 Aeolismoe

319 2455 430 2514 retulit.
479 2449 662 2512 scholiastae
690 2456 790 2510 autem
819 2452 990 2510 testimonio
1021 2457 1158 2528 corrupto
1186 2471 1274 2527 opem
1303 2454 1408 2512 adtulit

319 2557 508 2614 Dueutzerus
530 2555 566 2612 de
587 2553 694 2612 Zenod.
717 2555 793 2612 stud.
813 2554 902 2614 Hom.
924 2573 954 2630 p.
970 2560 1020 2626 60,
1043 2554 1091 2612 cui
1112 2559 1192 2614 recte
1212 2555 1407 2631 adstipulatus

320 2662 367 2716 est
382 2654 563 2714 Schmidtius
583 2655 700 2733 Didyma
718 2677 746 2732 p.
763 2661 832 2713 208.
868 2655 988 2716 Scilicet
1002 2657 1171 2715 Zenodotus
1192 2657 1334 2732 probavit
1349 2659 1407 2716 for-

320 2775 399 2817 mam
420 2755 573 2816 Aeolicam
600 2775 688 2836 quam
714 2757 841 2834 reperit,
872 2759 1062 2818 Aristarchus
1090 2757 1230 2816 nimirum
1258 2760 1407 2820 Atticismi

318 2859 471 2920 studiosus
490 2875 689 2936 praepropere
711 2879 776 2917 eam
798 2859 966 2920 eliminasse
988 2861 1142 2920 euidenter
1162 2860 1407 2934 deprehenditur3

321 2981 392 3022 sana
419 2964 547 3020 metrum
576 2981 638 3020 uon
665 2961 790 3020 formam
818 2963 990 3038 postulavit
1042 2960 1108 3025 Quo
1139 2981 1219 3020 nunc
1246 2961 1312 3020 iure
1340 2968 1407 3039 post

321 3061 464 3124 Wolfium
484 3063 665 3122 recentiores
686 3081 751 3121 eam
773 3064 976 3140 expunxerint
1001 3083 1063 3122 nou
1084 3067 1169 3140 patet
1195 3063 1255 3122 uisi
1279 3082 1319 3122 ex
1339 3065 1405 3122 Ari-

320 3165 545 3227 starchomania.
575 3165 612 3241 (c.
632 3163 740 3224 Osann.
760 3169 819 3224 Au.
844 3185 873 3242 p.
893 3171 963 3223 286.
999 3167 1143 3225 Ribbeck.
1168 3166 1201 3224 iu
1226 3167 1312 3226 Iahn.
1338 3187 1403 3226 anu.

322 3268 549 3345 uffipm

408 3371 439 3446 3)
462 3371 572 3431 Oontra
591 3362 808 3445 rumperetis
823 3370 902 3444 apud
917 3369 1081 3428 Homerum
1095 3375 1149 3443 est,
1170 3389 1225 3446 pro
1244 3391 1303 3450 quo
1320 3363 1404 3445 alric

318 3471 476 3531 Aeolicum
495 3471 588 3530 lusisse
606 3489 762 3547 perperam
776 3471 897 3546 Gregor.
912 3471 1045 3530 Corinth.
1066 3473 1102 3532 de
1124 3473 1191 3531 dial.
1208 3473 1293 3532 Aeol
1314 3471 1340 3551 §.
1355 3479 1403 3532 41.

322 3595 351 3650 p.
368 3577 430 3633 614
452 3578 484 3632 et
504 3591 624 3648 gramm.
647 3574 830 3631 Heermann.
847 3589 878 3648 p.
893 3577 952 3630 641
976 3578 1132 3646 testantur,
1159 3593 1225 3633 cum
1246 3583 1326 3636 esset
1345 3567 1404 3634 'Ar-

322 3668 415 3748 τιιιὸν,
438 3679 542 3734 contra
562 3675 641 3732 θίᾶν
661 3666 829 3748 Ἑλληνικόν
850 3673 891 3752 (v.
908 3675 1026 3733 Moerin
1047 3695 1075 3751 p.
1093 3680 1163 3736 392.
1186 3677 1269 3736 Euat
1287 3697 1317 3754 p.
1336 3683 1402 3736 102.

325 3782 417 3838 1039.
437 3778 568 3837 checlr.
583 3777 719 3836 Rhemat
737 3796 766 3852 p.
783 3781 832 3834 30.
854 3778 974 3837 Passer.
993 3797 1015 3836 s.
1031 3799 1060 3837 ν.
1078 3771 1194 3854 ploiek
1215 3771 1301 3850 φίάοι
1316 3781 1403 3838 etiam

322 3897 362 3938 ex
376 3874 560 3957 Hippocrate
576 3898 664 3959 quem
684 3897 760 3954 pura
772 3879 844 3938 Iade
865 3899 951 3938 usum
972 3897 1037 3938 esse
1056 3899 1154 3958 neque
1169 3879 1281 3940 alienas
1294 3883 1402 3942 formas

321 3981 506 4042 immiscuisse
527 3987 643 4042 constat
665 3979 706 4056 (v.
724 3979 818 4040 Giese.
836 4002 865 4058 p.
884 3981 956 4058 158)
978 3981 1119 4039 adfertur.
1141 4015 1184 4026 -
1220 4033 1223 4040 .
1261 4031 1265 4040 .

408 4085 457 4144 Ad
482 4074 616 4159 ἄκμηνος
640 4085 732 4140 σιτοῖο
756 4084 788 4140 Γ.
809 4089 867 4143 163
889 4083 973 4162 (297.
994 4091 1064 4144 820.
1086 4084 1162 4161 346)
1191 4084 1282 4144 schol
1306 4085 1332 4142 Β
1353 4086 1401 4144 ad·

322 4185 456 4262 scripsit:
476 4177 576 4262 νῖιιμήν
597 4182 716 4254 Αἰολεῖς
734 4178 790 4260 τὴν
810 4179 937 4255 ιἰσιτίαν,
963 4189 1043 4269 quod
1065 4207 1125 4268 quo
1146 4188 1211 4246 iure
1232 4187 1344 4247 dietum
1364 4187 1401 4246 sit
1508 4158 1514 4275 ί

222 4288 225 4297 “
323 4285 463 4362 indagare
491 4307 607 4367 nequeo
637 4307 676 4345 ne
705 4287 901 4367 veriloquium
931 4290 1050 4369 quidem
1079 4293 1252 4367 perpeetum
1281 4289 1399 4348 habeus.
