3092 4996
703 504 833 593 ci⁴

178 665 295 726 tissima
312 665 356 746 ‘de
372 663 420 722 Gn.
437 664 457 722 l.
475 661 670 739 productione
689 655 880 738 suppletoriu'
903 659 971 719 diss.
990 678 1019 736 p.
1037 662 1095 717 100
1118 659 1267 733 incidisse,

178 767 231 848 qui
253 767 290 825 de
311 765 421 825 Dorico
441 763 528 840 ιιᾶμα
549 767 580 824 et
600 763 680 840 vulg.
703 763 789 840 πῆμα
811 761 853 821 sic
868 760 1019 821 exhibuit:
1041 779 1100 835 „ex
1114 754 1216 837 ιιιὶιμα
1237 768 1268 821 et

178 860 290 945 πάθμα
318 871 516 945 anteaquam
541 865 574 925 in
596 858 705 941 πέμμα
732 864 915 924 transierunt
936 855 1040 938 πάσμα
1067 863 1179 924 lactum
1202 883 1267 924 esse

177 968 447 1033 verisimillimum
469 971 546 1041 cat“,
578 966 690 1026 ibidem
716 967 836 1043 linguae
856 964 1087 1026 inconstantium
1115 984 1176 1045 qua
1196 985 1268 1025 mox
1300 982 1305 990 ·

178 1095 196 1132 τ
216 1071 267 1132 vel
289 1074 312 1130 e
334 1075 403 1130 ente
419 1089 440 1145 μ
454 1073 591 1130 servatur
604 1089 676 1129 mox
689 1069 721 1127 in
737 1072 900 1128 omnietur
913 1086 985 1128 mox
999 1067 1155 1144 productio
1173 1067 1268 1127 oritur

179 1181 297 1234 notans.
340 1173 408 1232 Hac
425 1190 496 1232 sane
512 1171 628 1232 ratione
647 1170 743 1230 omnis
760 1169 885 1230 offensio
900 1168 1055 1230 delabitur.
1098 1172 1199 1249 Atque
1215 1189 1268 1229 vo-

180 1277 274 1337 calem
295 1276 418 1335 brevem
439 1274 516 1334 sicut
536 1273 569 1331 in
586 1263 681 1348 iaceo
698 1271 738 1350 (v.
755 1270 832 1331 Gies.
850 1291 879 1348 p.
894 1272 963 1331 147.
985 1272 1059 1332 Ahr.
1073 1271 1098 1330 I.
1115 1275 1165 1335 61.
1187 1272 1268 1330 (luri.

180 1399 210 1456 p.
223 1382 299 1448 641;
327 1375 417 1438 stulte
439 1374 588 1435 Amcisius
608 1393 638 1451 p.
653 1378 692 1432 23
717 1394 736 1433 α
756 1373 879 1450 longum
902 1374 991 1453 dixit)
1012 1372 1151 1449 legimus,
1180 1392 1268 1454 quum

176 1478 351 1548 Lobeckius
366 1477 386 1540 i
401 1479 421 1538 L
443 1498 473 1537 ιι.
491 1458 530 1536 7'9
554 1495 670 1553 semper
691 1479 762 1535 ante
777 1476 922 1556 liquidam
939 1475 1118 1552 geminatam
1135 1494 1199 1536 esse
1216 1495 1269 1535 vo-

179 1583 277 1643 luerat
305 1585 396 1661 atque
420 1579 453 1639 in
481 1578 608 1639 Aeolide
637 1578 726 1638 etiam
747 1578 896 1638 Seidlerus
923 1577 956 1636 in
982 1598 1055 1638 mus.
1084 1578 1182 1638 Rhen.
1208 1581 1268 1636 ant.

180 1684 239 1746 vol.
255 1685 314 1744 III.
337 1703 365 1760 p.
384 1688 442 1743 180
464 1682 523 1741 iam
539 1680 721 1741 uBoeckhic
737 1679 770 1740 in
791 1699 816 1740 c.
831 1682 852 1741 i.
870 1681 904 1740 G.
921 1681 962 1740 II.
984 1699 1013 1758 p.
1032 1685 1089 1739 189
1112 1685 1270 1741 correctus.

623 1885 826 1892 -..-—-——-.——.---

557 2068 670 2171 dsunt
695 2067 898 2146 secundum.

601 2221 651 2288 De
672 2220 845 2288 vocalibus.
926 2285 929 2292 ,

423 2379 449 2460 5.
474 2385 501 2440 8.
545 2379 597 2439 De
619 2377 820 2440 vocalibus
841 2375 1028 2439 brevibus.

268 2506 440 2581 Antequam
462 2499 585 2576 singula
612 2498 749 2574 exemplu
777 2499 940 2570 adnotabo,
969 2497 1002 2557 in
1031 2498 1139 2578 quibus
1160 2499 1272 2559 vocalis

183 2603 553 2666 Aeolicamadfectionem
575 2604 742 2677 pascuost,
771 2600 803 2660 id
827 2601 991 2660 cavendum
1015 2619 1079 2660 esse
1101 2619 1208 2662 moneo
1231 2621 1269 2661 ne

185 2709 314 2768 Graecae
336 2706 456 2780 linguae
477 2704 645 2763 libertatem
672 2701 790 2762 vocales
811 2703 980 2763 emolliendi
1008 2702 1152 2784 varioque
1173 2705 1272 2764 coloro

183 2807 337 2869 imbuendi
350 2805 571 2882 angustioribus
585 2803 695 2864 finibus
709 2804 909 2865 describamus
928 2824 1005 2868 neve
1027 2824 1063 2866 ea
1084 2824 1100 2865 e
1115 2807 1274 2883 singularis

183 2909 303 2971 dialecti
325 2907 537 2968 consuetudine
555 2911 725 2983 repetamus
747 2926 822 2988 quae
843 2907 902 2966 iam
923 2908 1096 2988 priusquam
1116 2909 1221 2985 lingua
1239 2910 1272 2969 in

182 3012 325 3074 dialectos
340 3010 473 3070 discessit
488 3015 597 3069 certam
618 3008 747 3085 speciem
766 3009 925 3070 adscivisse
939 3011 1071 3086 putanda
1091 3016 1162 3071 sunt
1182 3017 1273 3093 atque

182 3116 216 3174 in
230 3112 347 3190 vulgari
369 3130 504 3172 sermone
519 3115 605 3170 erant
626 3110 743 3170 usitata
785 3110 910 3171 Initium
930 3111 1024 3188 igitur
1045 3113 1128 3190 capio
1143 3115 1272 3175 avocali

269 3218 294 3276 I.
328 3236 355 3272 α.

269 3319 312 3396 Α)
336 3337 355 3376 α
377 3320 525 3377 servatum
546 3335 601 3392 pro
620 3333 642 3374 e.
689 3315 718 3391 1)
740 3316 778 3373 In
794 3315 943 3377 adverbiis
964 3316 1021 3376 loci
1036 3317 1198 3378 Aeclenses
1220 3337 1270 3392 ge-

183 3422 309 3482 nuinum
338 3441 357 3478 u
385 3418 544 3479 retinuisse
573 3419 653 3497 qnod
680 3418 770 3494 vulgo
797 3418 830 3475 in
857 3435 870 3476 e
898 3419 1089 3479 adtenuatum
1110 3419 1169 3480 fuit
1198 3419 1270 3479 eatis

182 3523 278 3583 multa
291 3521 428 3597 exemplu
439 3519 602 3580 certissime
617 3521 724 3580 docent
730 3542 741 3600 :¹
760 3512 884 3598 πρόσθα
898 3515 1007 3598 luecio
1020 3512 1135 3600 ἄιιρθα
1148 3513 1270 3598 inscia

183 3618 302 3684 ὔπισθα
317 3621 376 3682 elia
397 3621 436 3699 (v.
454 3622 528 3681 Ahr.
543 3623 568 3682 I.
587 3642 615 3697 p.
637 3626 704 3681 153.
726 3621 840 3681 Hirzel.
860 3642 888 3698 p.
905 3623 947 3700 9).
988 3622 1084 3682 Unica
1098 3641 1170 3684 vero
1192 3622 1269 3682 eins-

183 3727 264 3789 mcdi
277 3727 373 3786 forma
387 3725 419 3784 in
434 3724 603 3783 Homericis
617 3723 796 3784 carminibus
809 3723 958 3800 reperitur
972 3742 1059 3804 quam
1074 3723 1139 3800 ipse
1153 3724 1270 3784 Ahren·

183 3831 245 3892 sius
267 3827 380 3906 primus
400 3825 544 3886 indicavit
571 3825 604 3884 in
625 3845 747 3902 gramm.
770 3824 796 3904 5.
817 3831 883 3884 106.
905 3846 935 3885 n.
953 3831 981 3885 4.
1003 3845 1032 3902 p.
1053 3831 1128 3885 188:
1149 3817 1270 3884 ὕπαιθα

185 3933 220 3992 0.
232 3935 302 3990 520.
321 3928 359 3988 Φ.
371 3929 410 3988 27
418 3934 442 3987 1.
458 3927 496 3986 Χ.
510 3930 566 3987 141
583 3933 673 4007 atque
688 3928 753 3988 loco
765 3927 995 4005 praepositionis
1006 3927 1042 3986 Σ.
1054 3931 1124 3988 421.
1142 3926 1181 3986 Φ.
1193 3932 1268 3999 255;

183 4054 246 4093 non
264 4030 404 4092 inmerito
426 4049 492 4090 eam
512 4030 591 4089 inter
610 4030 735 4090 Aeolica
754 4030 882 4106 vestigia
901 4030 1129 4091 enumemveris.

182 4141 389 4158 n—-v—

185 4187 226 4245 21,
247 4187 278 4235 15
296 4185 397 4244 adtulit,
419 4177 570 4248 Παμμᾶιιον
587 4183 652 4242 qued
669 4181 798 4232 Kaibelius
820 4183 847 4230 in
863 4183 969 4231 Hermae
987 4182 1036 4230 vol.
1050 4183 1118 4231 vm.
1136 4198 1160 4244 p.
1174 4186 1224 4232 428
1242 4184 1267 4232 in

184 4272 257 4333 cippo
274 4269 391 4318 Boeotico
414 4270 496 4330 legere
517 4268 587 4329 vult,
613 4282 761 4328 quamquam
783 4270 878 4316 litterae
903 4267 1022 4316 evanidas
1045 4269 1151 4330 apetium
1173 4275 1267 4332 purtem

184 4359 263 4404 solum
281 4355 406 4404 dimidiam
423 4356 495 4403 unitis
512 4351 540 4404 M
557 4354 662 4404 deletum
680 4369 733 4403 asae
750 4355 848 4402 indicat.
