3114 4994
811 432 871 496 116

300 588 384 649 tione
398 587 546 647 redditum
562 585 757 664 praedicavit)
773 588 825 646 sed
841 586 930 662 plane
948 590 1108 647 evanuerat
1122 585 1156 645 in
1170 584 1199 646 S.
1216 586 1251 645 fr.
1270 592 1325 660 69,
1352 592 1385 646 1:

301 681 365 751 οὔδ’
383 687 446 762 l'ov',
474 694 510 748 ut
533 687 585 763 μλοι
604 685 692 746 eFtu
714 692 811 748 ortum
827 687 868 748 sit
889 687 966 748 sicut
981 680 1127 767 μα’λεορον
1146 707 1162 747 ο
1178 681 1357 768 Foitevpoa(
1379 709 1400 746 a

302 792 381 851 Ourt.
406 787 507 872 ⁵4⁰l1·
535 789 619 868 544).
662 790 699 848 In
723 791 799 849 hano
825 788 1052 865 originationem
1077 809 1166 870 quam
1190 789 1278 850 etiam
1302 789 1387 848 Chri·

300 893 375 954 stius
391 913 419 970 p.
438 897 500 952 253
523 890 663 968 probavit
682 891 768 951 iuvat
785 911 944 968 conparare
970 894 1049 972 quod
1064 891 1232 952 Lobeohius
1248 893 1330 968 path.
1348 891 1385 950 el.

299 995 360 1072 Ip.
381 999 441 1054 112
464 993 589 1053 eschol.
609 991 690 1069 Lips.
717 993 751 1052 Β.
771 997 841 1052 201.
864 994 1035 1070 adscripsit:
1056 991 1108 1070 plv
1132 985 1192 1053 ἇπὸ
1214 993 1268 1053 τοῦ
1283 990 1386 1071 τρίτου

299 1087 464 1175 προοοὶπου
495 1095 550 1152 τοῦ
575 1099 589 1152 i
613 1093 710 1171 (cuins
740 1094 857 1155 dativus
885 1094 1049 1170 legiturin
1077 1095 1203 1156 Hesiodi
1226 1097 1262 1154 fr.
1286 1094 1386 1155 cclv.

290 1197 408 1258 ‘Goettl
428 1194 458 1255 l'v
475 1197 525 1256 vel
542 1193 573 1254 tv
595 1200 625 1255 et
647 1198 727 1273 apud
744 1196 901 1255 Corinnam
917 1197 952 1258 fr.
970 1204 1019 1257 36.
1043 1199 1150 1274 Bergk.
1169 1217 1198 1274 p.
1219 1201 1308 1256 1213.
1331 1192 1385 1266 aa,

297 1320 327 1360 v.
344 1297 425 1358 Alit.
449 1299 474 1358 1.
505 1317 534 1374 p.
566 1302 639 1356 208.
677 1299 713 1357 de
737 1298 815 1358 mist.
840 1297 909 1356 dial.
933 1319 962 1376 p.
988 1300 1043 1372 74;
1074 1300 1111 1358 de
1136 1319 1229 1358 accus.
1255 1319 1284 1358 v.
1306 1297 1386 1358 Gies.

299 1422 328 1478 p.
348 1401 422 1479 003)
440 1399 612 1481 πλεονασμῷ
628 1401 682 1458 τοῦ
699 1419 720 1475 μ
743 1391 784 1469 οἷς
806 1396 838 1458 λοι
852 1387 923 1474 pta,
946 1393 1070 1480 ἄλευρον
1086 1392 1239 1480 μᾶλευρον.
1262 1434 1304 1444 -
1326 1399 1386 1458 Sed

300 1502 418 1563 adoedit
432 1500 588 1574 masculini
609 1501 704 1562 forma
725 1498 761 1584 aa
782 1501 816 1560 Ζ.
836 1506 907 1562 422.
929 1504 966 1561 de
986 1523 1044 1583 qua
1058 1502 1228 1562 unllusdurn
1245 1502 1326 1581 quod
1348 1502 1386 1561 ab

300 1603 383 1664 omni
399 1607 484 1681 parta
507 1601 660 1680 probabile
678 1602 718 1662 sit
740 1603 865 1663 invonit.
909 1606 957 1662 Ex
975 1603 1124 1664 Aeolismo
1148 1603 1262 1663 scilieet
1284 1603 1387 1679 expla-

300 1703 382 1764 natio
397 1724 456 1764 non
476 1707 559 1781 patet
577 1703 647 1783 quia
663 1705 713 1764 hio
731 1696 773 1774 εἷς
791 1706 850 1765 fuit
865 1706 898 1765 in
916 1726 986 1778 usu;
1008 1705 1206 1766 Alexandrini
1219 1710 1318 1764 autem
1336 1706 1387 1764 ad-

258 1793 262 1799 ’
300 1806 443 1866 iectivum
461 1803 507 1875 λος
527 1803 558 1866 l'a
582 1803 629 1864 l'ov
648 1806 734 1866 iuxta
756 1798 798 1876 εἷς
821 1806 873 1883 pta
899 1803 932 1866 ἕν
948 1807 1124 1866 Homericae
1140 1807 1231 1867 aetati
1253 1806 1388 1867 vindica·

300 1911 384 1982 runt,
414 1911 493 1987 quod
511 1908 631 1987 Trypho
654 1929 701 1985 ap.
720 1909 818 1986 Apoll.
840 1912 876 1968 de
899 1929 982 1986 pron.
1004 1930 1033 1986 p.
1051 1910 1100 1968 70.
1123 1910 1153 1969 Ο.
1179 1930 1245 1969 oum
1265 1911 1386 1968 demon·

301 2009 427 2071 strativa
443 2010 537 2086 stirpe
556 2007 568 2068 ἰ
590 2010 747 2071 coniunxit
767 2011 900 2072 indidem
920 2003 995 2070 aucti
1013 2005 1198 2088 πλεονασμόν
1213 2013 1268 2070 τοῦ
1287 2009 1305 2071 b
1324 2001 1388 2080 οἷος

301 2111 518 2190 repetens³⁵);
540 2112 675 2172 laudavit
691 2113 768 2172 hanc
788 2113 1017 2190 originationem
1036 2114 1130 2174 Giese.
1174 2115 1279 2192 Neque
1300 2112 1387 2171 aliter

300 2234 397 2290 nuper
413 2215 473 2274 Leo
485 2215 588 2294 Meyer
603 2215 636 2274 in
652 2216 752 2275 Kuhn
769 2235 837 2276 anu.
853 2236 882 2276 v.
900 2215 985 2277 VIII.
1001 2237 1030 2293 p.
1043 2223 1103 2277 140
1118 2214 1232 2276 statuit.
1268 2217 1386 2275 Ahrcn·

300 2317 362 2377 sius
386 2335 456 2376 vero
480 2316 521 2377 ib.
545 2338 574 2394 p.
598 2322 668 2377 345.
691 2319 814 2376 formam
840 2314 875 2399 ἰῷ
899 2319 935 2376 ab
959 2319 1051 2378 altera
1072 2316 1103 2376 ἰόι
1125 2318 1215 2394 plane
1239 2317 1386 2376 diversam

300 2438 365 2479 esse
379 2418 540 2493 iudicavit.;
564 2421 616 2479 sed
635 2421 714 2498 quod
729 2418 811 2478 illam
828 2418 862 2477 in
876 2419 964 2480 titulo
979 2420 1101 2480 Locrioo
1120 2440 1138 2480 a
1154 2419 1260 2479 Bossia
1277 2418 1387 2481 iterum

303 2520 383 2580 edito
399 2521 495 2598 (1854
513 2521 607 2600 Lips.)
625 2520 658 2579 in
676 2521 785 2580 litteris
795 2522 1003 2580 ΔΙΠΛΕΙΟΙ
1015 2543 1088 2602 quas
1101 2520 1278 2596 Rangabdus
1291 2519 1391 2579 ὃιπλεῖ

303 2613 337 2680 οἷ
358 2622 562 2681 Kirchhoffins
579 2621 667 2699 διπλῆ
684 2625 741 2682 Fui
761 2623 826 2700 ipse
843 2621 942 2682 διπλοῖ
956 2621 992 2706 ἰῷ
1007 2625 1146 2700 legendas
1160 2623 1315 2701 proposuit
1337 2622 1387 2681 de·

302 2723 497 2801 prehendisse
519 2723 576 2782 sibi
593 2724 676 2784 risus
692 2730 753 2798 est,
774 2725 830 2786 hoo
845 2727 932 2788 valde
954 2726 1056 2786 mirari
1072 2726 1153 2786 subit
1167 2728 1246 2805 quod
1262 2745 1292 2784 v.
1309 2724 1386 2784 din

302 2824 400 2886 titulis
416 2824 536 2884 Graccis
550 2825 621 2886 satis
641 2831 774 2887 versatus
789 2819 943 2903 Rarigabei
958 2827 1115 2887 lectionem
1131 2832 1254 2904 proptor
1269 2826 1387 2903 palaeo-

304 2926 475 3004 graphioam
498 2947 614 2987 causam
637 2926 809 3005 inprobavit
832 2927 921 3008 atque
947 2909 1164 3006 diphthongum
1184 2929 1267 2990 vocis
1292 2925 1390 2987 διπλοῖ

303 3048 358 3106 per
377 3028 472 3088 solum
490 3029 520 3086 E
543 3029 682 3106 scriptam
702 3031 794 3090 fuisse
818 3030 957 3107 opinatus
979 3037 1037 3104 est;
1066 3031 1169 3090 debuit
1192 3037 1271 3092 certe
1297 3027 1388 3107 διπλῆ
1444 3079 1446 3086 .

304 3131 415 3206 legere,
446 3132 499 3190 aed
525 3131 625 3209 opinio
649 3133 716 3209 plus
742 3153 801 3192 nno
827 3133 947 3193 nomine
971 3133 1085 3192 incerta
1108 3138 1153 3192 est
1177 3135 1218 3212 (v.
1244 3132 1324 3196 curt.
1346 3137 1386 3194 at.

303 3252 333 3308 p.
349 3236 421 3292 365.
445 3236 519 3310 496)
542 3253 639 3312 neque
661 3234 868 3312 interpretatio
891 3236 1049 3295 verborum
1069 3232 1105 3316 aa
1121 3227 1211 3310 ἤματι
1229 3236 1298 3309 „illo
1318 3235 1385 3294 die“

302 3332 422 3392 maioris
438 3334 529 3410 pretii
544 3340 590 3395 est
605 3354 692 3414 quam
704 3337 835 3412 vulgaris
850 3357 927 3411 „uno
945 3337 1019 3396 die“.
1063 3336 1199 3396 Ceterum
1215 3357 1281 3397 cum
1296 3338 1386 3414 plana

302 3435 460 3511 singularis
478 3436 532 3508 sit,
554 3436 701 3516 quispiam
719 3439 885 3516 suspicetur
904 3435 938 3521 ἰῷ
956 3458 973 3497 a
990 3441 1079 3514 poeta
1093 3457 1147 3514 per
1164 3439 1268 3498 falsam
1285 3440 1387 3498 analo·

303 3537 382 3614 giam
403 3557 423 3606 a
438 3537 581 3598 feminino
599 3540 699 3599 fiotum
722 3559 786 3599 esse
804 3539 844 3618 (v.
859 3541 931 3600 Ahr.
954 3560 982 3617 p.
999 3541 1089 3619 343);
1112 3543 1165 3600 sed
1182 3561 1245 3601 rem
1265 3541 1300 3600 in
1323 3561 1386 3600 sus·

302 3658 396 3717 panso
416 3639 585 3719 relinquere
607 3641 699 3700 satius
722 3641 808 3702 erit
993 3630 996 3636 ¹

388 3744 420 3821 2)
442 3742 566 3802 Formae
588 3741 710 3821 πίσυρες
726 3742 906 3803 adfectiones
923 3743 1059 3804 Aeolicus
1079 3743 1138 3803 iarn
1163 3761 1252 3821 supra
1268 3764 1387 3804 conme-

303 3843 418 3905 morari
435 3841 473 3922 (ς.
493 3850 521 3903 6.
544 3849 563 3902 2
587 3843 613 3922 5.
630 3849 656 3902 8.
678 3845 735 3922 8.)‚
758 3864 848 3924 quare
865 3845 959 3905 solum
981 3847 1061 3906 locos
1077 3845 1231 3907 indicabo:
1257 3845 1292 3905 Ο.
1314 3851 1384 3906 630.

370 4011 414 4077 35)
433 4011 459 4060 ai
475 4018 541 4061 recta
558 3977 677 4074 accipitur
694 4014 765 4074 stirpi
783 4010 791 4064 ἰ
808 3973 933 4074 digamma
949 4015 1084 4080 praefixum
1101 4015 1191 4075 fuisso,
1210 4017 1289 4064 conici
1306 4017 1385 4077 possit

305 4092 355 4154 οἶος
371 4111 417 4158 pro
428 4094 488 4154 Flo<
505 4111 559 4146 asso
571 4099 634 4146 siout
644 4090 746 4155 Ὀϊλεύς
763 4102 787 4146 at
797 4091 879 4156 Ἰλεύς
897 4099 933 4164 (v.
945 4099 1077 4146 Duentaer.
1090 4100 1150 4148 ch.
1168 4115 1191 4161 p.
1206 4103 1246 4151 50.
1265 4102 1385 4151 Schmidt.

300 4181 359 4278 Pid.
374 4198 406 4316 gi
416 4183 456 4229 16.
477 4181 582 4316 Ιοέτῶοο.
600 4199 623 4244 p.
641 4185 701 4246 623)
719 4197 763 4243 pro
781 4175 894 4248 Ιτΐλεῦῆ
919 4185 950 4233 of.
968 4184 1036 4234 eura
1054 4189 1085 4234 at
1102 4201 1126 4246 p.
1143 4188 1207 4248 523,
1226 4187 1257 4237 da
1274 4188 1382 4240 disoreai

304 4281 358 4324 οιος
408 4281 441 4316 os.
460 4282 483 4328 p.
556 4303 561 4314 .
