3114 4994
823 475 865 538 116

299 633 349 702 73,
370 636 407 690 30
427 635 481 692 etc.
505 631 594 692 schol.
613 632 649 690 Δ.
667 631 703 690 nd
723 633 760 689 Α.
780 632 848 694 173.
872 631 1178 707 &recessesunt
1199 632 1282 692 Aeol.
1297 635 1322 706 ξ.
1335 637 1383 691 tt.

297 755 326 812 p.
340 737 410 792 603.
456 735 581 793 Ahrens.
598 734 621 795 l.
643 754 673 810 p.
689 738 756 807 109,
774 733 830 811 8.),
861 734 947 810 Greg.
974 741 1072 796 autem
1099 739 1252 811 praeterea
1278 733 1384 794 Atticis

298 837 346 914 (de
362 837 429 895 dial.
449 841 510 896 Att.
531 835 557 914 ξ.
571 839 620 895 41.
639 855 667 912 p.
681 836 735 912 96)
757 857 808 896 eos
830 837 1044 897 adiudicaruut.
1088 837 1144 896 Sed
1161 838 1198 896 de
1214 835 1315 896 Attica
1332 836 1383 896 tali

298 939 430 998 flexione
446 939 522 997 nihil
547 943 650 997 notum
675 944 721 998 ast
746 945 838 1018 atque
861 941 939 1019 quod
964 941 1098 1000 Koenius
1122 938 1230 998 adtulit
1252 937 1385 1014 Κρονίδα

300 1034 376 1110 Ζεύς
397 1061 435 1100 ex
453 1041 554 1116 Eurip.
576 1041 681 1100 Bacch.
703 1062 731 1100 v.
752 1047 808 1111 25,
838 1061 917 1101 nunc
941 1040 1090 1118 Κρονίδας
1111 1049 1191 1101 recte
1214 1041 1383 1100 restitutum

299 1149 363 1214 est3'
390 1143 512 1202 Reiaius
534 1163 605 1202 vero
628 1143 679 1219 (ef.
695 1143 843 1204 Sohaefer.
870 1145 906 1202 ad
926 1145 1047 1220 (ἕτερον.
1064 1165 1092 1222 p.
1106 1144 1169 1220 98.)
1185 1144 1384 1204 nominativos

298 1245 474 1304 Homericos
491 1244 542 1324 qui
565 1249 718 1313 accentum
740 1246 771 1304 in
791 1246 956 1322 penultima
971 1247 1140 1306 habuerunt
1155 1246 1272 1306 Atticos
1292 1245 1385 1305 fuisse

297 1347 462 1424 suspicatus
489 1354 567 1420 erat;
601 1347 750 1407 Hernicus
777 1348 946 1425 Stephanus
973 1349 1127 1410 vocatives
1153 1348 1331 1423 probaverat
1352 1348 1384 1406 in

297 1449 383 1510 Thes.
399 1450 434 1508 V.
454 1470 482 1525 p.
497 1455 586 1510 1464.
631 1452 668 1510 In
686 1471 745 1530 qua
758 1450 930 1527 opinionum
946 1451 1118 1510 diversitate
1135 1469 1207 1510 sane
1221 1449 1385 1510 rectissime

297 1571 378 1612 nunc
395 1553 418 1610 ii
442 1553 553 1612 versari
580 1553 720 1612 videntur
748 1553 799 1632 qui
824 1559 975 1628 correptas
994 1555 1104 1612 formas
1125 1553 1202 1629 apud
1220 1552 1384 1611 Aeolenses

299 1655 330 1714 in
349 1675 404 1714 usu
422 1655 516 1713 fuisse
539 1657 705 1714 concedunt
726 1656 901 1734 inquorum
926 1656 1036 1715 iudicio
1060 1655 1305 1734 acquiescendum
1330 1659 1384 1714 est.

299 1762 398 1835 Atque
415 1759 619 1833 percommode
640 1767 808 1833 congruunt
827 1759 965 1833 exempla
980 1756 1138 1817 Homerica
1159 1775 1235 1836 quae
1252 1763 1384 1832 apertam

177 1919 184 1932 ,
298 1859 488 1918 formularum
509 1860 592 1936 poesi
618 1860 796 1920 sancitorum
821 1860 949 1936 speciem
973 1878 1045 1936 prae
1074 1879 1105 1918 se
1128 1861 1229 1920 ferunt
1253 1877 1320 1918 cum
1350 1877 1385 1918 ea

298 1961 414 2021 ratione
443 1982 502 2041 qua
526 1981 580 2038 pro
606 1961 692 2020 iustis
716 1961 873 2021 Aeolismis
896 1963 1088 2022 venditantur
1111 1963 1152 2040 (v.
1179 1961 1285 2037 Bergk.
1313 1961 1383 2020 hist.

297 2061 401 2140 litt'p.
418 2069 488 2122 858.
506 2062 641 2138 n.139.).
686 2063 796 2122 Tamen
815 2066 894 2143 quod
909 2085 965 2124 usu
983 2065 1085 2124 lonico
1101 2064 1189 2124 facile
1203 2063 1381 2135 terminatio,

297 2166 353 2225 nisi
373 2186 439 2225 cum
454 2167 540 2225 metri
553 2165 761 2224 commoditate
771 2172 840 2242 apte
859 2167 1041 2239 concinebat,
1064 2164 1266 2226 bansionuari
1277 2165 1384 2241 potuit,

299 2271 376 2348 quod
400 2270 499 2329 nescio
521 2287 559 2327 nn
581 2269 612 2326 in
638 2267 778 2347 Θερσίτης
801 2287 854 2344 pro
879 2264 1004 2345 Θέρσιτα
1018 2269 1128 2328 lactum
1144 2268 1196 2340 sit,
1217 2268 1247 2326 id
1264 2268 1300 2326 da
1316 2268 1383 2328 stir-

298 2371 344 2448 pis
365 2371 460 2430 vocali
485 2371 606 2430 minime
629 2371 805 2449 comprobari
827 2369 898 2430 licet
920 2371 987 2447 (atsi
1011 2370 1082 2451 quid
1104 2371 1140 2429 de
1164 2365 1281 2444 ἐρίηρος
1297 2368 1323 2429 si
1339 2375 1385 2430 est

297 2493 350 2550 pro
375 2470 510 2550 ἐρίαρος,
542 2473 629 2533 aliter
650 2479 776 2534 statuam
806 2493 865 2533 non
889 2472 1079 2549 enucleavi.);
1109 2471 1209 2552 itaque
1232 2473 1268 2531 de
1289 2472 1385 2532 forma

297 2568 413 2650 ἠπύτα,
436 2593 490 2651 pro
514 2593 572 2654 qua
586 2577 692 2636 merito
710 2582 866 2652 exspectes
884 2566 998 2646 οἷπύτν,
1026 2575 1113 2634 valde
1128 2575 1321 2634 dubitandum
1338 2579 1384 2633 ast

300 2699 370 2736 num
395 2678 562 2736 Aeolismus
584 2679 636 2750 sit3
668 2679 791 2755 adparet
812 2681 910 2738 autem
939 2696 1003 2736 eam
1025 2678 1063 2736 ab
1084 2677 1233 2737 imitatore
1251 2709 1293 2720 —
1315 2695 1382 2734 uam

298 2781 368 2839 huic
383 2799 461 2852 „non
478 2799 549 2837 sone
564 2785 677 2840 summo
692 2785 818 2857 poetae“
832 2779 996 2839 rectissime
1007 2780 1197 2838 Hermanuus
1214 2780 1250 2838 de
1267 2779 1381 2838 emend.

296 2888 351 2942 rat.
370 2901 412 2956 gr.
431 2881 480 2940 Gr.
503 2901 532 2958 p.
551 2887 598 2941 38.
622 2883 652 2940 iu
676 2883 761 2959 epist.
786 2883 822 2942 ad
844 2881 991 2956 Ilgeuium
1011 2882 1135 2942 Homeri
1156 2882 1276 2960 hymnis
1297 2899 1384 2958 prae-

298 2985 360 3044 fixa
383 2984 492 3062 (1806)
514 3004 543 3060 p.
561 2983 620 3042 VII
649 2989 738 3063 atque
761 2984 968 3043 Iachmannus
997 2984 1158 3062 (Betraolrt.
1181 3003 1209 3060 p.
1226 2983 1279 3061 24)
1301 2984 1382 3042 illam

290 3090 412 3163 ¹pentem
435 3086 537 3145 Iliadis
559 3086 612 3161 (H.
628 3083 784 3144 313-9,
799 3088 873 3163 233)
894 3087 1064 3148 tribuerunt
1085 3119 1126 3130 —-
1148 3087 1185 3146 ad
1201 3086 1383 3165 reliquarum

299 3188 464 3263 analogiam
486 3188 563 3247 male
585 3207 649 3248 esse
670 3207 841 3265 procusam3
864 3207 962 3269 neque
982 3189 1088 3248 melius
1110 3194 1156 3249 est
1176 3181 1311 3265 αἰχμητά.

383 3291 440 3349 Sed
472 3291 605 3351 consulto
643 3310 732 3367 supra
767 3291 850 3350 omisi
880 3291 1079 3351 accusativum
1111 3285 1259 3369 εὐρύοπα,
1298 3291 1384 3351 ouius

296 3413 381 3453 usum
415 3392 573 3451 maximam
603 3399 715 3469 partam
751 3393 965 3469 posterioribus
995 3395 1092 3468 poetis
1121 3399 1152 3454 et
1185 3392 1383 3470 grammaticis

298 3515 413 3568 ansam,
444 3501 478 3554 ut
499 3495 531 3552 in
552 3495 633 3553 illam
662 3495 839 3556 sententiam
869 3514 944 3574 quae
972 3497 1074 3555 notavi
1103 3496 1273 3556 laberentur
1298 3513 1383 3572 prae-

297 3599 396 3656 buisse
423 3583 488 3657 νοεῖ
518 3597 700 3656 simillimum
731 3605 784 3656 sn.
843 3597 983 3672 sommus
1015 3598 1128 3658 sunm
1155 3591 1288 3675 εοροωεε
1320 3596 1384 3673 ap

300 3698 333 3757 Θ.
351 3706 412 3758 206
435 3699 498 3778 (ubi
522 3699 657 3758 nonnulli
680 3705 797 3760 vetares
818 3700 996 3776 interpretes
1023 3700 1238 3762 nominativum
1265 3699 1382 3758 intelle·

248 3783 250 3788 Ι
297 3821 367 3876 gere
398 3802 492 3861 moliti
520 3807 590 3861 suut
617 3821 695 3878 poue
724 3792 858 3878 εὐρύοπα
888 3802 1118 3878 distinguentes,
1145 3823 1176 3862 v.
1198 3802 1288 3862 schol.
1311 3801 1381 3861 B.L.

298 3903 445 3980 Spitauer.
468 3905 504 3963 ad
528 3905 560 3978 l.)
586 3898 617 3964 Ξ.
635 3909 705 3962 265.
724 3903 764 3962 a.
783 3907 854 3962 331.
877 3904 908 3962 in
931 3904 1005 3977 lius,
1029 3909 1133 3964 eontra
1152 3903 1184 3963 in
1207 3903 1294 3964 initio
1316 3921 1383 3986 ver-

297 4023 382 4066 suum
405 3992 490 4081 εὗρεν
506 3997 531 4061 δ’
553 4005 603 4065 vel
625 3992 711 4084 εὗρον
734 3999 759 4062 d'
780 3998 913 4084 εὐρύοπα
932 4003 1085 4083 Κρονίδην
1107 4009 1144 4065 Α.
1161 4011 1231 4066 498.
1259 4003 1292 4063 O.
1313 4010 1381 4064 152.

294 4105 334 4162 a.
356 4112 396 4164 98
425 4109 476 4166 ubi
499 4127 560 4167 vox
582 4109 654 4166 adeo
676 4107 766 4184 plane
788 4109 824 4167 de
854 4109 922 4168 sede
949 4128 1003 4168 sua
1029 4113 1076 4168 est
1102 4110 1235 4180 dobosa,
1264 4126 1323 4187 qua
1349 4108 1381 4164 iu

296 4225 330 4266 re
347 4209 459 4283 primus
471 4211 512 4268 M.
528 4209 678 4285 Hauptius
693 4211 771 4287 apud
787 4211 906 4272 Lachm.
929 4230 959 4287 p.
978 4215 1036 4270 100
1059 4212 1123 4271 inre
1139 4211 1271 4276 offendit.
1311 4211 1381 4268 lixi-

298 4309 356 4370 mie
380 4311 470 4384 igitur
497 4312 651 4388 perspexit
679 4313 757 4371 hano
783 4313 924 4394 violatam
951 4314 1107 4373 formulam
1136 4318 1226 4392 atqua
1254 4314 1381 4372 formum
