3092 4996
701 503 743 568 29

180 669 251 722 400.
274 683 306 736 φ.
323 666 372 722 ss.
390 667 461 720 770.
484 679 511 737 γ.
530 659 600 718 777.
622 667 658 732 υ.
679 662 727 731 00,
750 676 846 718 accus.
863 657 938 733 sing.
958 647 1083 736 ἇγοοοο,
1105 659 1134 714 Δ
1150 665 1211 719 004
1228 662 1266 721 de

180 766 323 839 Thoante,
346 765 376 822 Β
388 768 448 823 625
465 761 613 833 60111000,
636 757 740 818 51251
760 760 795 819 de
810 758 867 817 Dio
883 759 979 820 dictus
994 763 1163 819 constanter
1175 761 1266 822 finam

178 869 323 941 obtinent,
346 868 398 926 sed
411 865 521 944 reliqui
536 882 630 936 casus,
651 861 808 937 genetivus
823 852 939 940 ἀγαυοῦ
953 881 1019 921 oum
1034 861 1157 919 heroum
1171 864 1266 922 nomi·

177 970 268 1030 nibus
291 970 425 1029 iunctm:
455 967 494 1024 s.
512 966 583 1024 777.
600 968 670 1023 040.
697 963 732 1021 Ζ.
751 968 802 1022 23.
828 963 868 1022 K.
886 967 957 1022 007.
981 963 1028 1021 M.
1050 962 1118 1021 777.
1195 968 1265 1024 007.

182 1072 217 1131 Ο.
235 1077 306 1132 446.
329 1072 362 1130 Ρ.
380 1075 449 1129 284.
465 1070 536 1127 557.
559 1067 594 1124 Σ.
615 1071 661 1125 16.
687 1063 810 1124 (14579.
833 1061 860 1141 β.
879 1069 949 1124 308.
973 1082 994 1122 s.
1014 1069 1039 1124 1.
1062 1066 1086 1122 λ.
1104 1069 1176 1138 492,
1199 1085 1267 1141 gen.

177 1174 254 1251 plur.
277 1167 403 1253 ἀγαυῶν
428 1162 634 1247 Ἱππομύλγων
654 1167 693 1224 Ν.
712 1171 747 1240 5,
775 1166 887 1225 nomin.
908 1166 1010 1226 femin.
1033 1158 1131 1245 dyocesi
1155 1166 1267 1245 Περσε-

179 1267 287 1349 φόνεια
305 1276 329 1333 1.
343 1278 415 1332 213.
427 1278 498 1332 226.
514 1275 574 1330 635
596 1269 660 1347 (sed
673 1287 784 1328 nomon
796 1260 907 1347 Ἀγαυὴ
921 1269 1058 1328 Noreidis
1071 1269 1105 1328 in
1118 1289 1148 1329 7.
1164 1271 1266 1346 spurio

179 1377 217 1434 Σ.
229 1381 287 1450 42,
309 1376 562 1436 Ηο0106.717.246
578 1374 611 1432 in
632 1371 692 1429 6770
712 1375 758 1429 007
772 1375 891 1446 praeter
904 1390 1000 1430 accus.
1017 1362 1148 1449 Ἀγαυήν
1169 1374 1266 1431 καλλι-

179 1469 300 1561 πάργγον
318 1478 360 1538 717.
374 1498 402 1537 7.
420 1477 509 1554 976),
531 1473 702 1550 superlativ.
726 1464 911 1551 ἀγαυότατον
933 1467 1069 1545 ζωόντων
1091 1493 1116 1534 o.
1133 1479 1204 1549 229,
1226 1493 1266 1534 ne
1329 1538 1333 1547 ,

179 1600 239 1638 uno
261 1580 380 1658 quidem
401 1578 465 1639 loco
486 1583 612 1654 excepto
639 1575 738 1636 sedem
759 1575 871 1634 habent
898 1581 966 1652 post
992 1575 1090 1651 τρίτου
1111 1579 1265 1654 τροχαῖονς

177 1699 276 1759 neque
301 1681 450 1739 Hesiodus
480 1679 624 1739 sancitam
653 1676 888 1736 conlocationem
916 1678 1043 1738 violavit
1074 1679 1126 1758 qui
1153 1678 1264 1740 ibidem

177 1774 293 1861 ἀγαυοῦ
312 1783 348 1841 fr.
364 1787 414 1857 29,
433 1787 464 1855 1,
488 1772 612 1860 ἀγαυῶν
632 1781 676 1839 th.
691 1784 769 1852 461,
799 1781 850 1838 sed
874 1773 984 1859 ἀγαυοί
1006 1781 1039 1839 10
1060 1780 1121 1839 fine
1139 1781 1182 1841 th.
1201 1785 1263 1840 632

176 1884 321 1944 exhibuit.

259 1989 409 2047 Accentue
428 2005 501 2046 vero
521 1984 654 2059 vulgaris
669 1982 791 2042 minime
805 1985 916 2054 obstat;
940 1983 1054 2043 scilicet
1067 1984 1266 2044 Alexandrini

174 2107 278 2148 vocem
295 2088 428 2146 nondum
443 2106 483 2145 ex
496 2086 622 2145 Aeolide
637 2086 818 2144 derivarunt.
862 2085 1009 2146 Scribitur
1023 2086 1112 2146 etiam
1126 2105 1180 2161 pro
1197 2086 1263 2146 libr.

174 2190 304 2250 lectione
326 2181 435 2268 ἀγλαός
455 2207 513 2248 000.
532 2187 707 2246 Barnesinm
727 2186 760 2245 in
775 2186 884 2263 Sepph.
906 2186 943 2245 fr.
959 2191 1009 2260 26,
1026 2192 1054 2260 4,
1078 2188 1158 2267 qnod
1173 2188 1266 2264 Berg-

175 2293 244 2352 kius
266 2289 457 2351 subditicium
479 2290 595 2349 censuit
615 2311 645 2367 p.
661 2293 731 2348 886.

262 2394 294 2468 5)
317 2393 418 2452 Redeo
441 2394 478 2451 ad
505 2394 613 2453 verba:
642 2384 720 2450 δεύοι
747 2390 856 2450 similia
883 2392 962 2468 apud
982 2392 1147 2452 Homerum
1176 2395 1265 2456 obvia

174 2494 358 2554 Aeolismum
387 2495 510 2554 suadere
531 2495 678 2555 videntur.
722 2493 885 2552 Aeolensea
912 2493 1005 2569 igitur
1025 2513 1079 2570 pro
1101 2495 1182 2572 vulg.
1205 2493 1263 2558 δὲεο

172 2598 316 2656 dixerunt
344 2589 439 2669 δεύοι,
469 2598 502 2654 in
530 2615 589 2675 qno
618 2597 766 2672 digamma
791 2596 871 2657 inter
894 2596 1013 2657 7000100
1039 2597 1072 2655 177
1100 2619 1119 2656 υ
1145 2600 1265 2661 77000117

176 2697 216 2775 (7.
237 2691 379 2773 ἐπιδεύην
399 2717 446 2774 ap.
467 2698 578 2775 Scpph.
601 2700 684 2772 fr.2,
703 2703 741 2757 15
771 2695 943 2775 δευομένοις
972 2693 1077 2775 ἐνδεύιγ
1106 2699 1264 2780 (00771110

175 2802 265 2862 certis
275 2800 372 2861 titulis
386 2800 471 2877 (Ahr.
484 2801 509 2861 1.
525 2821 552 2878 p.
565 2802 618 2879 87)
634 2795 713 2860 δεύει
727 2820 774 2878 ap.
789 2802 931 2862 Couaium
946 2822 975 2879 p.
987 2808 1037 2876 29,
1052 2807 1101 2876 26,
1117 2805 1176 2862 701).
1188 2803 1262 2865 XIL

173 2908 211 2964 A.
228 2904 333 2981 v.19).
363 2904 411 2962 Ab
427 2903 481 2963 hac
499 2903 619 2981 quidem
632 2904 819 2977 formatione,
842 2921 917 2984 quae
934 2906 971 2963 ab
987 2904 1105 2980 vulgari
1117 2925 1174 2964 usu
1186 2907 1263 2965 mul-

173 3013 238 3066 tum
260 3006 358 3078 610707,
380 3024 442 3063 non
462 3012 589 3081 possunt
606 3005 733 3064 discerni
756 3024 833 3084 qnae
853 3007 931 3082 apud
951 3007 1116 3066 Homerum
1137 3007 1263 3082 legimus

173 3107 340 3186 praesentis
354 3112 388 3166 07
403 3106 571 3183 imperfecti
587 3107 732 3184 exempla,
755 3125 848 3187 qnare
863 3127 898 3167 00
913 3109 1072 3169 Aeolismis
1088 3111 1261 3171 adnumero:

173 3202 289 3269 ἐδεύετο
305 3209 338 3267 in
360 3207 488 3268 formula
503 3201 646 3280 δαίνυντ’,
678 3201 749 3268 οάδέ
764 3230 792 3268 τι
809 3202 910 3286 θυμδς
928 3204 1044 3270 ἐδεύετο
1063 3207 1165 3283 δαιτάς
1182 3213 1263 3291 εΐσης

173 3313 213 3368 Α.
229 3315 300 3368 468.
321 3314 391 3370 602.
415 3311 448 3370 Β.
462 3316 534 3372 481.
559 3312 598 3371 H.
613 3317 683 3371 320.
712 3313 750 3369 Ψ
768 3317 816 3371 56.
840 3333 870 3370 π.
887 3313 959 3373 479.
980 3333 1004 3372 τ.
1022 3319 1094 3389 425,
1117 3335 1192 3395 qnae
1214 3318 1263 3378 bis

173 3412 233 3472 alia
247 3419 306 3471 cst:
328 3405 430 3487 βωμδς
445 3405 560 3472 ἐδεύετο
571 3406 672 3482 δαιτδς
687 3411 768 3490 ἐΐσης
779 3415 815 3472 Δ.
828 3420 877 3473 48.
896 3414 936 3474 Ω.
948 3422 1000 3490 69,-
1015 3411 1115 3476 δεύεαι
1135 3420 1173 3476 Ψ
1188 3424 1259 3478 484.

174 3506 292 3573 δεύεται
316 3533 346 3588 η.
366 3517 413 3572 tc.
443 3518 475 3575 θ.
495 3517 564 3574 187.
594 3509 668 3598 δεύῃ
691 3537 718 3574 α.
736 3521 808 3575 254.
831 3514 966 3577 δευοίατο
986 3519 1020 3577 Β.
1041 3524 1110 3579 128.
1133 3520 1170 3577 Ε.
1188 3525 1260 3594 202,

173 3611 310 3675 δευέσθω
331 3616 365 3674 Τ.
381 3621 451 3675 122.
473 3609 614 3676 δεύεσθαι
630 3619 670 3678 Ν.
683 3624 754 3678 810.
773 3611 934 3695 δευόμενος
951 3621 989 3678 Χ.
1004 3627 1075 3681 492.
1098 3615 1261 3696 δευόμενον

173 3720 212 3776 Α.
228 3722 297 3777 704.
316 3718 350 3774 r.
369 3718 440 3777 472.
457 3716 483 3776 0.
500 3725 570 3779 704.
594 3717 775 3796 δευομένους
795 3722 915 3782 11294.
932 3714 1032 3780 ἐδεύεο
1053 3723 1084 3782 Ρ.
1102 3728 1171 3783 142.
1195 3722 1260 3784 σεο.

173 3816 268 3895 ἐσθην
285 3817 319 3878 Θ.
338 3820 407 3881 127.
431 3815 552 3880 δεύονθ’
568 3823 603 3879 Β.
622 3823 691 3882 709.
712 3816 886 3899 ἐπιδεύομαι
914 3826 951 3882 Ψ.
970 3825 1042 3884 670.
1064 3846 1088 3883 ο.
1105 3827 1176 3886 871.
1197 3824 1265 3887 ἐπι--

172 3917 272 3982 δεύεαι
289 3923 323 3981 Β.
340 3929 411 3984 229.
434 3924 472 3982 Ε.
491 3929 561 3983 686.
585 3921 813 4000 ἐπιδευομένους
829 3927 864 3984 Σ.
883 3928 933 3986 77.
961 3919 1104 3986 ἐπεδεύετ’
1129 3928 1170 3988 Ω.
1188 3936 1259 4006 385,

174 4024 282 4106 quibus
303 4026 371 4086 addi
387 4031 487 4103 potest
504 4027 683 4089 adiectirum
702 4021 839 4105 ἐπιδευής
858 4030 896 4090 Β.
913 4033 984 4088 481.
1008 4031 1053 4088 Μ.
1070 4035 1142 4090 299.
1165 4029 1191 4092 δ.
1209 4036 1258 4095 87.

172 4123 306 4197 ἐπιδευές
323 4128 356 4185 Γ.
372 4133 442 4188 180.
459 4125 605 4198 ἐπιδευεῖς
621 4129 647 4188 1.
660 4135 730 4189 225.
748 4132 788 4190 Ν.
802 4137 873 4190 622.
892 4127 1041 4201 ἐπιδευέες
1057 4152 1091 4206 φ.
1104 4137 1174 4192 185.
1187 4140 1259 4197 253.

173 4249 206 4288 το.
224 4230 293 4288 171.
337 4229 447 4291 Tamen
469 4234 506 4292 06
527 4232 650 4291 alteram
668 4233 770 4311 stirpis
790 4236 924 4309 formam,
948 4254 1036 4314 quam
1050 4236 1153 4296 Aeolis
1174 4257 1258 4300 aver·

73 4373 77 4384 .
172 4332 300 4405 sabatur,
317 4328 410 4408 dtl'jn
426 4355 515 4414 quam
529 4337 661 4411 perbene
676 4336 710 4396 (1.
725 4338 844 4399 Curtius
857 4338 943 4400 iuxta
958 4339 1110 4400 Aeolicam
1124 4335 1258 4401 thn=
