3114 4994
696 491 758 556 133

181 663 267 720 μενος
293 642 422 704 eontulit
442 643 613 705 Lobeokins
639 645 676 704 ad
697 647 807 706 Buttm.
827 645 868 705 II.
891 666 920 722 p.
936 647 996 706 217
1028 665 1169 725 expresse
1191 650 1272 712 inter

179 751 276 806 certos
297 763 396 826 neque
409 745 501 804 ullam
523 745 739 806 dubitationem
760 747 965 829 relinquentes
979 747 1145 810 Aeolismos
1167 770 1270 812 nume·
1379 751 1383 761 ‘

179 847 271 921 ravit,
294 835 330 907 ef.
348 847 458 908 autem.
474 848 498 906 1.
521 866 550 923 p.
568 852 640 907 ree.
663 845 689 927 s.
706 853 775 922 roe,
793 855 819 907 e.

266 950 298 1027 4)
321 949 366 1008 De
387 947 538 1025 praesenti
559 945 678 1025 δίζημαι
698 951 782 1010 euius
803 951 893 1028 stirps
915 951 956 1023 ξι·
976 951 1051 1012 latet
1064 951 1098 1012 in
1113 947 1216 1028 rasta
1239 955 1270 1014 et

179 1049 213 1108 in
229 1045 283 1121 ζέω
300 1051 351 1112 vel
366 1048 441 1123 ζεία,
464 1069 524 1130 quo
540 1051 660 1112 Curtius
681 1055 720 1111 et.
737 1071 766 1128 pr
783 1053 842 1118 572
859 1071 900 1112 ex
914 1052 987 1112 Hes.
1006 1051 1094 1124 ζίεκαι
1115 1055 1195 1135 quod
1209 1053 1270 1131 legi

181 1151 266 1210 iubet
284 1149 401 1222 ζείιται·
424 1149 549 1227 ζητεῖται
566 1153 700 1226 remittit
722 1153 835 1214 Herod.
850 1153 887 1212 ad
906 1153 940 1211 Z.
956 1158 1017 1212 268
1041 1173 1072 1212 π.
1093 1145 1140 1216 ’Ia
1160 1175 1211 1230 πρ.
1227 1154 1270 1214 ΙΙ.

179 1273 208 1330 p.
223 1257 272 1312 55.
295 1252 340 1331 (π.
358 1257 427 1312 καθ.
447 1273 498 1332 πρ.
514 1255 538 1314 Ι.
557 1273 585 1332 p.
599 1255 669 1329 467,
688 1254 802 1314 7·-11.
825 1273 853 1332 p.
870 1259 939 1328 ⁵³6,
960 1255 1052 1314 4-7.
1082 1275 1114 1315 π.
1130 1261 1206 1316 παθ.
1225 1255 1267 1318 Π.

179 1371 208 1431 ρ.
225 1359 297 1428 308,
319 1358 371 1428 10,
404 1353 513 1414 Goettl.
540 1355 577 1414 de
599 1375 657 1416 aee.
680 1375 708 1432 p.
726 1355 779 1433 98)
809 1355 852 1416 sio
880 1355 1031 1416 exhibuit:
1061 1350 1118 1416 δια
1144 1354 1187 1427 εἰς
1206 1340 1269 1416 'dor

178 1448 258 1535 λήγει
282 1448 483 1533 ἆπαρέμφαια
496 1448 539 1533 μή
560 1449 628 1516 κατ’
646 1453 774 1516 Αἰολίδα
789 1448 952 1528 διάλεκτον,
974 1455 1075 1534 τρίτην
1089 1450 1151 1517 dud
1166 1453 1269 1528 τέλους

178 1553 283 1634 έχοντα
308 1549 363 1633 τὴν
391 1548 489 1628 ὀξεῖαν
514 1559 597 1632 φιλοῖ
619 1549 678 1635 πρό
705 1558 760 1616 τοῦ
784 1552 885 1628 τέλους
912 1551 1128 1637 βραχδνεαδιιι,
1158 1551 1214 1619 ὅσα
1235 1555 1269 1619 δέ

179 1650 239 1736 repo*
262 1658 317 1717 ιοῦ
330 1653 431 1728 τέλους
446 1654 504 1735 έχιι
518 1655 606 1734 φύσει
625 1650 753 1738 priapus,
775 1660 982 1738 περισπᾶσθαι
1002 1655 1081 1720 θέλει
1096 1693 1139 1710 ·-
1153 1654 1187 1720 rd
1210 1654 1266 1741 γιίρ

179 1757 328 1836 δίζησθαι,
351 1759 497 1836 φίἰηοθαι
519 1752 681 1835 δποφαίνει
700 1752 845 1820 Αἰολικὸν
865 1762 1044 1840 χαρακτῆρα.
1089 1761 1147 1823 Sed
1165 1763 1268 1824 Aeoli·

179 1879 243 1921 eam
259 1862 384 1922 formam
404 1862 536 1924 servavit
551 1861 639 1924 Hes:
661 1857 802 1936 δίοδημαι
822 1861 872 1922 vel
891 1858 1012 1937 δίοδηρι
1027 1863 1105 1939 ζητῶ
1125 1865 1166 1943 (v.
1185 1863 1265 1926 curt.

179 1965 216 2022 de
237 1963 320 2024 verb.
342 1983 372 2040 p.
390 1964 478 2042 los);
505 1981 604 2044 neque
625 1982 696 2024 vero
718 1981 786 2022 eum
808 1963 910 2022 Curtio
931 1962 994 2023 illie
1014 1965 1147 2040 perleota
1167 1967 1267 2043 κεῖμαι

179 2051 254 2141 ἦμαι
274 2064 312 2124 ad
333 2065 574 2142 conparationem
596 2064 785 2126 admoverim.

267 2167 298 2244 5)
321 2166 451 2227 Verbum
474 2157 548 2243 δημι
566 2167 646 2246 qnod
667 2169 791 2245 propter
812 2187 831 2242 η
852 2166 964 2247 ubique
983 2172 1133 2230 servotum
1155 2168 1266 2246 eoepis-

178 2269 252 2330 sime
267 2269 421 2328 Aeolieum
443 2268 527 2328 audit
547 2267 731 2328 luculentum
752 2272 798 2328 est
813 2270 982 2347 exemplum
997 2269 1174 2349 antiquioris
1195 2289 1265 2330 oon-

178 2368 343 2430 euetudinis
365 2371 457 2430 verbe
478 2374 630 2430 eontraote
649 2369 681 2428 in
704 2391 738 2445 μι
757 2369 914 2441 fleetendi;
941 2389 1010 2430 nom
1031 2371 1264 2432 contractionem

176 2451 289 2532 vdealis
310 2469 400 2546 longa
421 2489 498 2550 quae
526 2491 588 2530 non
617 2490 656 2530 ex
682 2471 875 2532 antecedente
902 2471 1048 2548 digammo
1075 2471 1125 2534 vel
1145 2473 1264 2532 aliunde

176 2571 320 2648 explioori
341 2577 442 2647 potest
462 2573 534 2632 setis
555 2572 674 2632 indioat.
718 2573 825 2652 Neque
846 2592 918 2634 vero
939 2573 1027 2634 aliter
1039 2575 1197 2636 formatum
1219 2579 1266 2634 est

177 2678 270 2754 atque
291 2668 377 2732 τελέοι
398 2693 454 2750 pro
475 2669 592 2749 rettv'or
604 2665 697 2749 ια’ἷημι
719 2692 773 2750 pro
796 2667 948 2752 ιἰ-Ρεριέμι
974 2675 1014 2752 (v.
1037 2677 1074 2735 de
1096 2668 1263 2752 riprothet

177 2775 284 2835 Christ.
301 2794 329 2851 p.
348 2779 405 2834 241
425 2776 476 2854 qui
491 2775 522 2835 id
537 2775 737 2851 euphonieum
756 2794 821 2836 asse
835 2775 921 2851 dixit,
942 2778 979 2836 de
999 2777 1099 2837 redioe
1114 2777 1172 2835 Fu·
1185 2777 1265 2838 Dos·

175 2875 247 2936 darl
270 2876 358 2952 gloss.
378 2877 467 2936 Hom.
483 2877 507 2936 Ι.
530 2897 559 2936 u.
578 2880 603 2935 1.
632 2877 685 2956 qui
711 2881 781 2953 apte
801 2883 861 2951 got.
882 2878 970 2938 vaian
992 2878 1101 2938 adtulit
1121 2879 1200 2944 Onrt.
1224 2883 1263 2939 et

176 2997 205 3054 p.
219 2980 289 3036 861.
305 2979 342 3037 de
356 2977 439 3038 verb.
454 2998 482 3056 p.
498 2979 566 3053 174,
583 2979 619 3038 de
634 2980 726 3055 stirpe
741 2972 817 3047 erre
830 2977 970 3039 Lesbisn.
984 2980 1018 3040 iu
1032 2980 1112 3040 Gurt.
1127 2979 1209 3040 Stnd.
1221 2979 1264 3040 ΙΙ

175 3099 205 3157 p.
222 3083 290 3138 101.
313 3079 411 3138 Allen.
427 3079 485 3140 111.
508 3099 536 3156 p.
554 3085 624 3140 269.
646 3101 675 3140 n.
693 3079 755 3158 50).
789 3081 854 3140 Iam
868 3085 984 3142 veteres
998 3083 1184 3158 grammatici
1202 3083 1263 3143 lor-

175 3199 238 3241 mes
261 3199 378 3258 semper
397 3183 462 3240 fere
483 3201 499 3240 s
520 3183 612 3242 verbo
635 3200 709 3259 puro
735 3176 795 3240 δέω
817 3181 1041 3244 extricaverunt
1061 3184 1139 3243 unde
1161 3189 1265 3245 auotor

174 3303 206 3342 π.
220 3273 324 3360 Ὀμήρ.
341 3281 416 3342 διαλ.
429 3300 477 3359 ap.
492 3282 589 3346 Maitt.
606 3304 635 3361 p.
648 3284 710 3342 478
734 3283 774 3360 (v.
793 3283 889 3343 Bekk.
904 3283 1003 3345 sohed.
1018 3283 1108 3344 Hom.
1123 3286 1147 3345 1.
1166 3306 1197 3362 p.
1211 3292 1261 3348 64.

174 3385 249 3444 Ahr.
269 3403 296 3461 p.
317 3389 385 3444 144.
407 3405 436 3444 n.
454 3385 505 3463 19)
533 3377 604 3460 διάη
631 3405 687 3463 pro¹
712 3385 822 3445 tradita
849 3385 996 3462 seripture
1021 3377 1096 3446 droia
1117 3387 1263 3447 Aeolismi

174 3485 328 3546 Homerioi
341 3485 436 3546 instar
450 3486 617 3548 venditavit
631 3486 747 3547 leonins
762 3478 814 3547 διοί
827 3475 881 3545 τοῦ
902 3490 923 3563 ἦ
940 3480 1022 3566 παρὰ
1045 3490 1109 3556 τοῖς
1122 3485 1262 3547 Αἰολεῦσι

175 3583 356 3668 ἰιιφέρεσθαι
379 3580 421 3658 οἷς
442 3584 528 3665 dolls]
551 3582 621 3664 έιιιίη
648 3585 717 3665 δίδη
739 3587 792 3666 (Α.
814 3587 886 3666 105)
905 3619 941 3644 e-
962 3583 1013 3648 καί
1042 3581 1118 3648 διάει
1141 3590 1262 3669 quod-s

174 3689 324 3751 sententie
345 3690 408 3750 eius
430 3683 711 3768 drdq-soribendum
736 3709 801 3751 esse
822 3706 908 3750 nemo
930 3707 992 3749 non
1012 3689 1104 3751 ridet.
1147 3689 1261 3750 Eodem

172 3793 300 3853 fortusse
321 3809 361 3850 ex
374 3792 447 3852 Hes.
469 3793 595 3854 redeunt
615 3793 730 3868 glossae
751 3782 848 3853 διιιαι
869 3796 900 3851 et
921 3783 1019 3850 ιἰἐιιον
1039 3793 1159 3867 praeter
1180 3792 1261 3871 quod

173 3897 313 3954 aeoentus
335 3893 489 3970 obstrepit,
512 3893 570 3953 nisi
592 3912 641 3954 aas
654 3915 728 3954 uum
744 3893 880 3953 Doederl.
896 3893 952 3953 ll.
975 3897 1006 3954 et
1020 3893 1148 3952 Lentnio
1166 3893 1260 3970 praef.

173 4015 202 4074 p.
218 3995 264 4056 00
287 4015 304 4054 e
326 3999 410 4056 sueta
430 3995 645 4073 posterioribus
659 3995 833 4055 eonfusione
849 3993 1032 4072 diphthongi
1050 4011 1076 4052 ει
1096 3999 1129 4054 et
1148 3993 1260 4064 venulis

171 4116 193 4174 η
208 4097 359 4175 explioare
380 4097 473 4158 setius
494 4101 554 4172 est,
577 4097 629 4158 sed
643 4101 723 4157 uerte
737 4097 926 4174 perticipium
945 4088 1009 4154 lov
1022 4096 1093 4155 inde
1107 4096 1261 4157 finxerunt

173 4200 260 4279 (nnr.
276 4200 302 4259 I.
324 4220 353 4277 p.
373 4203 442 4260 141.
464 4219 494 4260 n.
514 4198 581 4277 17);
610 4198 710 4275 potuit
728 4197 822 4274 igitur
842 4197 982 4261 sabillime
1008 4189 1054 4258 ἅει
1074 4198 1153 4277 quod
1175 4197 1260 4260 Euat.

174 4321 202 4376 μ.
219 4305 291 4360 325.
313 4304 437 4380 praebet
458 4300 498 4380 (v.
517 4298 627 4376 Bekis.)
649 4305 680 4363 et
695 4299 828 4366 oodioum
849 4301 938 4363 lertio
953 4293 1031 4362 διάει
1045 4300 1156 4363 exoriri
1170 4317 1259 4382 quem
