3092 4996
656 445 729 509 -37

163 619 199 658 ea
228 619 266 658 cx
288 599 437 660 Aeolismo
467 601 500 658 in
528 600 682 674 vulgarem
710 619 876 660 sermonem
903 599 1064 676 inrepsisse
1094 621 1169 662 4444
1189 603 1254 660 Ho-

163 702 290 762 mericae
313 704 426 762 formae
450 722 525 782 quae
548 721 615 762 cum
632 703 690 760 hac
712 702 804 780 stirpe
825 701 1000 760 cohaerent:
1024 693 1106 778 ἄγρει
1128 703 1165 760 Ε.
1184 704 1254 762 765.

165 804 295 863 11459.
331 807 370 863 Λ.
392 809 462 863 512.
498 800 530 867 Ξ.
549 805 621 862 271.
655 805 777 876 44176.
813 803 863 883 qui
892 801 1035 880 pristinus
1062 803 1255 880 imperativus

162 906 213 982 (ot.
230 907 345 966 Archil.
363 908 399 966 fr.
421 911 447 978 5,
465 906 496 984 0)
519 906 553 964 14
571 905 789 964 interiectionis
806 905 868 965 vim
889 905 965 964 sicut
984 896 1035 982 ἄγε
1049 906 1128 982 apud
1145 906 1255 965 Home·

160 1027 226 1066 ram
241 1008 364 1081 abierat,
388 999 503 1085 ἀγρεῖθ’
521 1027 548 1065 4.
567 1013 625 1066 149
645 1007 773 1086 (semper
790 1007 822 1066 in
840 1006 928 1066 initio
947 1026 1087 1067 versuum
1101 1007 1253 1084 positum).

163 1101 238 1188 rippa
266 1131 296 1185 μ.
317 1115 389 1168 930.
416 1129 439 1185 χ.
457 1114 530 1168 306.
553 1109 601 1187 (de
623 1107 796 1185 venatione)
824 1100 961 1188 πυράγρη
986 1109 1022 1166 Σ.
1038 1109 1110 1168 477.
1138 1129 1164 1187 γ.
1182 1114 1254 1169 484.

165 1205 294 1288 ζωάγρια
317 1212 353 1268 Σ.
367 1213 439 1271 407.
463 1213 492 1268 4.
507 1216 578 1270 scs.
602 1206 705 1288 ζώγρει
721 1211 758 1269 Ε.
772 1216 843 1270 ees.
864 1211 897 1268 Ζ.
912 1215 963 1268 sc.
985 1210 1025 1269 Λ.
1042 1215 1112 1273 131.
1127 1201 1254 1290 ζωγρεῖτ’

163 1313 200 1368 K.
222 1314 294 1372 378.
325 1304 489 1390 c'cvdpdypsc
509 1308 541 1376 Ξ.
560 1317 629 1372 509.
661 1305 787 1390 βοάγρια
808 1313 853 1370 Μ.
872 1317 922 1371 22.
952 1332 983 1370 π.
1001 1317 1072 1372 296.
1096 1303 1253 1390 μοιχάγρια

163 1418 195 1472 θ.
215 1419 286 1473 332.
311 1406 460 1489 redempor
476 1414 513 1471 Ε.
534 1416 606 1474 487.
636 1407 801 1494 αὐτάγρετα
823 1434 855 1474 π.
877 1419 945 1474 149.
969 1415 1082 1492 (hymn.
1105 1415 1137 1473 in
1159 1415 1251 1475 Mera.

161 1535 190 1576 4.
208 1515 370 1592 474489)
395 1507 605 1594 παλινάγρετον
621 1519 660 1577 Α.
677 1521 748 1576 526.
771 1516 864 1594 (,,444
886 1516 954 1595 plus
976 1518 1067 1576 semel
1087 1516 1199 1592 legitur
1220 1518 1252 1578 in

160 1618 311 1678 Theocriti
334 1617 463 1679 carmine
485 1618 646 1680 Aeolica
663 1624 713 1692 29,
732 1623 802 1691 28“,
824 1619 935 1678 Ameis.
952 1639 980 1696 p.
998 1619 1051 1696 38)
1074 1640 1112 1680 ex
1128 1619 1252 1680 Aeolica

160 1721 374 1780 consuetudine
397 1721 548 1782 derivatae
577 1742 642 1782 esso
664 1721 754 1780 tacite
783 1721 942 1781 credantur·
968 1721 1018 1800 (ct.
1037 1723 1067 1781 0.
1086 1722 1120 1780 F.
1137 1722 1249 1782 Ameis.

157 1822 195 1879 ad
216 1841 247 1879 a.
267 1827 343 1896 148,
365 1823 397 1881 in
420 1824 546 1901 append.
570 1824 607 1882 ad
629 1843 660 1882 π.
680 1829 751 1884 296.
774 1825 833 1882 ΙΙΙ.
855 1845 884 1901 p.
902 1823 965 1894 68).
1009 1825 1116 1903 Itaque
1138 1829 1191 1884 aut
1212 1843 1251 1884 ex

158 1915 253 2003 oiyps‘a
276 1930 373 1984 ortum
394 1927 557 2004 putabatur
571 1921 661 2003 αἷρέω
683 1932 765 1986 muta
786 1926 818 1984 in
840 1924 973 1985 vocalem
988 1925 1086 1984 soluta
1106 1932 1159 1984 aut
1175 1925 1250 1984 illud

157 2046 195 2085 ex
217 2027 276 2086 hoc
297 2027 394 2087 vocali
420 2028 637 2086 inconsonam
665 2047 767 2100 versa,
798 2027 836 2086 cf.
854 2027 950 2086 Koen.
974 2027 1012 2086 ad
1034 2027 1156 2102 Gregor.
1181 2029 1246 2087 (lor.

155 2149 184 2206 p.
199 2134 271 2187 590.
293 2129 436 2207 (Bceckh.
454 2149 477 2188 c.
490 2129 510 2188 i.
524 2129 612 2188 (1.11.
627 2150 656 2206 p.
672 2133 731 2187 850
749 2129 786 2187 ad
801 2149 830 2188 n.
844 2133 935 2201 3524,
952 2130 982 2207 6)
1005 2129 1116 2188 Buttm.
1128 2128 1210 2188 lexil.
1223 2131 1247 2188 Ι.

155 2250 183 2306 p.
199 2235 267 2290 123.
291 2230 379 2290 (11444
397 2250 425 2307 p.
443 2237 513 2290 284.
537 2231 656 2290 4114444
677 2231 709 2290 14
731 2231 897 2290 Zimmerm.
919 2230 1002 2290 Diar.
1023 2235 1105 2289 1836
1128 2251 1156 2308 p.
1176 2236 1246 2304 803,

155 2334 192 2390 de
215 2333 282 2392 dial.
307 2333 391 2392 Aeol.
414 2355 442 2412 p.
462 2338 501 2392 25
522 2340 593 2406 ete,
624 2333 658 2392 in
679 2335 756 2392 Mus.
780 2333 866 2392 rhen.
883 2334 909 2391 1.
938 2354 967 2410 p.
986 2337 1047 2391 394
1077 2333 1115 2391 ad
1135 2333 1245 2411 Sapph.

154 2436 191 2494 fr.
210 2437 249 2493 15
263 2436 297 2494 Β.
320 2435 403 2496 41144.
449 2428 547 2494 Aliter
561 2435 707 2495 0144141144
722 2434 877 2496 Aeolicum
900 2425 996 2514 ἆγρέω
1018 2455 1073 2513 per
1094 2454 1247 2512 syncopen

155 2557 193 2596 ex
216 2529 328 2614 ἆγερέω
350 2559 378 2616 p.
396 2544 432 2598 41
458 2543 548 2617 atque
578 2559 617 2598 ex
644 2558 678 2596 eo
707 2538 830 2612 vulgare
860 2533 949 2617 441ρὲ4
979 2544 1062 2596 muta
1084 2537 1132 2596 cui
1154 2539 1246 2598 stiam

154 2659 291 2717 asperum
313 2640 414 2700 deberi
438 2640 565 2700 eredidit
586 2659 615 2716 p.
636 2644 693 2697 109
718 2640 829 2700 extrita
849 2659 905 2717 per
925 2641 1152 2718 productionem
1175 2660 1244 2719 sup·

152 2741 310 2818 pletoriam
332 2763 359 2820 p.
374 2749 413 2802 62
432 2743 499 2820 (37)
522 2743 628 2802 merito
643 2742 799 2819 repetiisse
815 2741 872 2802 sibi
891 2742 973 2803 visus
989 2752 1042 2814 est,
1067 2761 1142 2821 quae
1165 2743 1243 2803 deri-

151 2845 233 2906 vatio
256 2845 322 2922 plns
344 2865 404 2904 uno
420 2845 540 2904 nomine
562 2845 666 2922 inepta
682 2848 713 2904 et
730 2864 872 2922 perversa
886 2850 939 2904 est.
983 2844 1083 2904 Etiam
1097 2845 1242 2920 Bergkias

153 2947 198 3026 (in
220 2948 291 3006 hist.
313 2947 372 3007 litt.
396 2947 446 3007 Gr.
468 2968 497 3025 p.
516 2952 564 3006 58.
589 2967 618 3006 11.
636 2948 690 3024 20)
719 2947 959 3028 antiquissimum
986 2948 1111 3008 verbum
1139 2941 1242 3024 ἆγρεῑν

153 3049 341 3129 omniumque
365 3049 477 3109 Graece
504 3049 691 3129 loquentium
720 3049 874 3127 proprium
903 3071 919 3109 e
947 3049 1115 3127 primigeno
1139 3041 1241 3128 ἇριέω,

149 3152 229 3210 unde
250 3152 408 3212 metathesi
424 3152 563 3212 effectum
585 3159 663 3212 esset
678 3147 768 3229 αἰρέω
785 3158 815 3211 41
835 3151 933 3213 444411
954 3152 1020 3228 14γ
1041 3155 1240 3214 transmutata

150 3253 200 3315 441
222 3246 319 3332 ἆγρὲω
347 3254 397 3314 441
426 3245 582 3332 α’ργέωζὲ),
614 3254 694 3332 quod
720 3254 800 3331 apud
821 3254 956 3314 Homv.
977 3257 1035 3312 149
1058 3254 1238 3316 Antimacho

150 3354 296 3432 placuisse
310 3355 470 3428 videretur,
493 3356 731 3435 progerminasse
748 3355 881 3428 credidit,
904 3374 993 3434 quam
1008 3355 1239 3430 originationem

149 3456 298 3516 Ameisius
319 3478 348 3535 p.
366 3458 404 3516 37
426 3459 521 3518 fusius
543 3458 722 3536 disputando
745 3457 882 3532 analogia
903 3457 1078 3518 recentioris
1096 3458 1237 3518 Aeolicae

150 3558 412 3635 pronuntiationis,
435 3580 494 3640 qua
512 3559 628 3638 spirans
648 3559 808 3619 labialisF
827 3565 896 3618 4414
918 3559 982 3637 pin
996 3560 1122 3618 mediam
1143 3559 1237 3618 labia·

148 3659 244 3738 14440
265 3662 299 3720 14
321 3659 404 3739 βρίζα
426 3657 537 3738 dodico
553 3666 609 3722 etc.
630 3662 663 3722 in
682 3681 790 3723 vocum
810 3661 897 3721 initio
920 3663 1106 3733 mutabatur,
1128 3661 1237 3722 fulcire

149 3763 262 3824 studuit
289 3783 404 3842 ponens
432 3761 634 3840 βρίζαεΕρίζα
648 3790 693 3816 =
708 3758 823 3843 ἆγρὲωε
837 3756 936 3842 djptro.
970 3762 1135 3841 Perplexa
1164 3781 1236 3824 sans

147 3866 225 3927 ratio
247 3871 307 3936 est;
337 3865 466 3944 primum
489 3865 568 3944 quod
593 3866 627 3924 in
648 3865 736 3925 initio
759 3884 866 3927 vocum
887 3865 968 3927 valet
996 3865 1184 3926 confidenter·
1201 3867 1235 3927 in

146 3968 245 4028 media
265 3988 339 4030 4444
353 3968 481 4041 admisit,
503 3973 567 4028 tum
589 3969 662 4027 duas
676 3967 856 4028 mutationes
878 3968 966 4028 simul
980 3967 1085 4027 statuit
1106 3968 1234 4030 sednon

148 4071 315 4131 excusavit:
337 4070 518 4131 metathesin
540 4075 571 4130 et
584 4071 745 4130 transitum
766 4069 909 4150 spirantis
930 4070 964 4128 in
983 4088 1158 4141 consonam3
1181 4091 1233 4132 ex-

147 4177 261 4250 spectet
288 4173 408 4252 quidem
434 4173 542 4254 aliquis
571 4163 667 4251 ripys'a
689 4192 744 4250 pro
773 4167 864 4250 e'tpjta
895 4172 984 4248 (sicut
1008 4167 1153 4252 Πέργαμα
1177 4193 1232 4251 pro

137 4273 301 4355 Παρίαμα,
324 4279 397 4336 Ahr.
416 4296 444 4354 p.
461 4281 509 4336 56.
533 4297 562 4336 4.
580 4275 643 4352 24),
665 4275 746 4335 nullo
762 4295 833 4337 aero
849 4274 936 4334 modo
955 4265 1066 4354 ἄγρέω;
1090 4281 1121 4335 41
1142 4277 1234 4339 raris.

1431 4239 1437 4271 1
