3092 4996
818 467 860 530 26

296 645 341 700 gr.
354 625 403 683 Gr.
418 623 444 701 ἓ.
456 623 526 696 327,
547 625 592 696 17,
607 641 637 699 p.
651 623 720 682 174.
738 623 783 682 ed.
795 623 835 694 X,
851 622 887 681 de
898 622 980 681 verb.
997 641 1027 696 p.
1039 621 1109 680 276.
1123 626 1184 680 280
1201 620 1251 697 (cf.
1262 618 1288 698 ς.
1302 625 1329 678 9.
1342 620 1388 696 9).

297 726 355 788 Sed
376 745 438 784 rem
461 745 549 806 quam
570 745 609 784 ne
631 723 799 801 perspicere
821 723 941 803 quidem
962 723 1075 802 ubique
1096 722 1180 796 licet,
1204 743 1265 782 non
1286 742 1387 782 meum

296 832 344 890 est
364 827 482 903 longius
504 827 651 908 persequi.

382 929 458 989 Utut
478 929 552 990 haec
574 949 605 989 se
627 931 725 1002 habet,
748 929 774 988 si
795 928 893 987 minus
915 948 934 986 o
956 927 1126 1003 genuinum,
1149 931 1180 987 at
1202 929 1283 986 certe
1304 946 1324 983 v
1345 944 1387 984 ax

296 1033 325 1090 F
343 1036 441 1092 ortum
462 1032 542 1092 inter
562 1031 680 1091 vocales
700 1032 734 1090 in
755 1029 962 1109 antiquissima
978 1029 1081 1090 lonico
1099 1029 1227 1089 dialecto
1250 1027 1291 1106 (v.
1306 1027 1386 1086 Gies.

296 1153 326 1210 p.
344 1135 419 1209 283)
440 1133 538 1194 locum
559 1152 620 1192 non
635 1133 782 1206 habuisse,
806 1133 857 1192 sed
871 1149 989 1208 semper
1009 1132 1060 1191 vel
1080 1151 1147 1190 cum
1166 1131 1217 1191 vel
1236 1129 1301 1189 sine
1316 1149 1387 1190 con·

280 1235 473 1312 *pensatione
495 1235 622 1295 eiectum
640 1252 704 1294 esse
719 1235 791 1294 mihi
807 1234 926 1313 quidem
941 1233 1005 1293 veri
1021 1233 1202 1294 simillimum
1217 1237 1272 1306 est,
1294 1250 1387 1313 quare

295 1355 375 1416 quae
396 1336 536 1412 digammi
556 1337 589 1396 in
604 1358 624 1395 υ
645 1336 735 1398 soluti
750 1337 888 1413 exempla
909 1354 948 1394 ex
962 1336 1095 1394 Homero
1108 1335 1302 1414 Hesiodoque
1317 1354 1386 1410 sug·

297 1443 457 1513 geruntur,
487 1459 522 1498 ea
549 1459 603 1516 pro
631 1440 717 1500 iustis
739 1439 869 1498 Aeolieis
888 1436 1032 1512 ‘vestigiis
1056 1438 1167 1496 habere
1193 1456 1254 1496 non
1278 1436 1385 1496 dubito

295 1559 396 1620 neque
418 1560 524 1601 vereor
544 1561 582 1600 ne
598 1541 631 1600 in
646 1542 768 1602 Christii
787 1541 898 1601 crimen
920 1538 1039 1601 veniam
1062 1540 1141 1618 quod
1163 1538 1241 1598 dixit
1257 1557 1290 1614 p.
1311 1543 1385 1597 192:

295 1643 483 1724 ,disjenigem
505 1644 626 1718 welche,
648 1665 699 1703 um
721 1645 787 1703 dem
810 1644 924 1702 Homer
944 1642 1005 1701 und
1027 1641 1142 1700 Hesiod
1163 1641 1215 1699 das
1229 1640 1387 1716 Digamma

220 1729 224 1738 ⁸
295 1746 415 1822 streitig
441 1767 480 1806 zu
501 1747 640 1821 machen,
671 1747 748 1806 auch
769 1747 847 1804 noch
872 1744 922 1804 bei
948 1745 1015 1802 dem
1040 1744 1172 1820 jetaigen
1194 1741 1386 1819 Standpunkt
1413 1749 1425 1760 '

297 1849 350 1910 der
372 1849 659 1925 Sprachforschung,
688 1849 754 1908 hier
780 1868 841 1908 von
869 1847 966 1906 einem
992 1845 1233 1921 pleonastischen
1258 1846 1384 1904 Zusatze

299 1951 372 2012 oder
385 1971 459 2012 von
474 1952 697 2012 aeolischen
711 1949 1012 2009 Dialectformen
1034 1949 1187 2024 spreehen,
1209 1948 1385 2008 verkennen

297 2053 408 2112 einer
430 2053 552 2113 Grille
574 2074 618 2113 zu
639 2054 732 2113 Lieb
756 2053 813 2111 den
834 2051 1040 2128 spraehlichen
1056 2046 1265 2126 Organismus'.
1309 2050 1384 2110 Con·

296 2155 375 2214 feras
399 2174 475 2233 quae
495 2157 529 2214 in
549 2161 635 2233 parte
656 2156 750 2215 altera
771 2154 934 2230 generatim
956 2154 992 2212 de
1014 2152 1161 2228 digamma
1183 2153 1319 2213 disserui.

382 2257 427 2316 De
449 2259 694 2333 pronuntiatione
716 2257 835 2336 quidem
857 2245 956 2315 utrum
976 2255 1052 2313 illud
1073 2275 1092 2311 v
1114 2256 1226 2315 vocalis
1253 2274 1292 2314 an
1314 2274 1384 2315 oon·

298 2377 388 2420 sonae
409 2359 471 2420 vim
492 2360 638 2434 habuerit,
660 2364 782 2436 propter
803 2357 963 2416 nonnullos
984 2357 1086 2416 Alcaei
1108 2362 1139 2417 et
1159 2357 1283 2418 Pindari
1303 2357 1385 2420 locos

294 2460 360 2520 sine
375 2461 437 2520 ulla
449 2463 528 2522 iusta
544 2480 632 2521 causa
646 2462 842 2538 disceptatum
856 2459 922 2534 fuit,
943 2478 1031 2539 quam
1043 2478 1106 2518 rem
1120 2478 1281 2540 recoquere
1292 2461 1384 2537 piget.

296 2564 333 2622 ef.
351 2563 430 2622 Ourt.
448 2585 476 2640 p.
491 2569 561 2622 518.
604 2563 724 2623 Scilicet
744 2582 817 2622 vera
838 2562 1039 2638 diphthongus
1061 2561 1162 2620 effecit
1182 2562 1302 2637 longam
1323 2564 1384 2641 syl·

296 2663 394 2724 labam
413 2684 537 2743 eamque
559 2666 590 2724 in
607 2665 747 2737 Homero,
769 2669 873 2740 postea
890 2667 921 2722 et
935 2663 1097 2738 genuinum
1118 2685 1138 2721 v
1154 2668 1186 2723 et
1206 2685 1225 2720 v
1240 2683 1280 2723 ex
1301 2665 1382 2725 For-

297 2772 361 2824 tum
379 2765 564 2826 debilitatum
585 2772 632 2826 est
653 2772 683 2827 et
699 2766 819 2839 excidit,
839 2770 874 2824 ut
895 2764 1010 2842 syllaba
1024 2766 1110 2826 fieret
1126 2766 1235 2829 brevis.
1277 2768 1382 2828 Falsus

298 2873 397 2926 autem
413 2872 458 2928 est
473 2868 696 2944 Savelsbergius
712 2868 765 2949 qui
780 2869 817 2926 de
831 2869 890 2944 dig.
907 2888 936 2944 p.
954 2873 992 2927 14
1008 2869 1037 2926 F
1053 2872 1141 2942 „ante
1158 2876 1255 2928 mutas
1269 2873 1384 2930 tantum

297 2988 441 3032 consonas
455 2970 488 3032 in
499 2991 518 3028 c
528 2973 662 3032 vocalem
671 2976 817 3030 mutatum
828 2966 909 3030 esse’'
924 2970 1063 3046 probavit
1075 2962 1200 3046 εὔκηλος
1213 2972 1383 3048 respiciens.

380 3073 406 3129 Ι.
439 3072 594 3147 Digamma
614 3075 647 3133 in
668 3095 688 3131 o
709 3073 828 3134 transiit
849 3079 917 3132 ante
939 3073 989 3132 vel
1009 3073 1089 3132 inter
1109 3072 1241 3134 vocales:

385 3173 414 3249 l)
435 3174 626 3234 Homericum
642 3167 729 3232 adada
745 3170 772 3238 Ξ
785 3181 855 3234 340.
880 3176 988 3234 Ρ647.
1011 3195 1041 3232 π.
1055 3180 1095 3234 28
1112 3175 1263 3254 (quintum
1277 3178 1384 3253 pedem

297 3273 447 3352 obtinens)
470 3282 568 3337 exstat
588 3297 642 3354 pro
659 3273 806 3336 ἕ-σΡαδ-ε.
852 3277 947 3341 Quam
962 3277 1157 3336 mutationem
1172 3278 1215 3337 sic
1229 3278 1290 3338 viri
1305 3279 1384 3338 docti

296 3377 511 3453 expediebant,
541 3385 575 3438 ut
600 3373 724 3438 formam
753 3376 892 3438 i'Fchov
919 3380 1135 3454 subponerent,
1166 3398 1265 3458 neque
1288 3381 1383 3457 expli·

295 3483 404 3552 cantes,
426 3481 505 3538 unde
519 3482 547 3539 F
565 3482 747 3557 duplicatum
769 3487 855 3554 esset,
879 3488 909 3540 et
929 3481 961 3538 in
978 3480 1143 3556 analogiam
1165 3487 1306 3542 vocantes
1320 3483 1382 3542 He-

296 3581 427 3640 siodeam
440 3583 565 3642 formam
580 3577 723 3653 καυάξαις
738 3603 760 3642 ε.
773 3589 842 3642 666.
857 3587 926 3654 693,
950 3583 1035 3661 quasi
1050 3595 1128 3642 esset
1142 3603 1196 3659 pro
1212 3577 1383 3655 aaFFoigccc

295 3681 315 3742 i.
331 3702 356 3742 e.
379 3676 557 3758 κατΡάξαις,
578 3685 716 3764 Heynius
738 3687 775 3744 ad
797 3686 834 3744 Il.
857 3691 928 3744 tom.
944 3683 1013 3744 VIL
1036 3705 1065 3762 p.
1084 3685 1154 3758 736,
1176 3685 1382 3760 Buttmannus,

296 3785 464 3860 gatimid.
487 3787 579 3863 p.97.
599 3790 667 3859 114,
691 3786 889 3861 Goettlingius
911 3807 940 3846 v.
957 3792 1027 3859 666,
1051 3786 1110 3860 elii,
1134 3807 1259 3866 qnorum
1281 3789 1382 3866 opinio

295 3907 333 3948 ne
348 3907 428 3947 nunc
442 3888 562 3968 quidem
576 3894 645 3965 post
659 3888 751 3947 Giesii
767 3889 915 3964 egregiam
926 3888 1156 3965 disputationem
1170 3910 1199 3966 p.
1213 3895 1380 3950 aea-255

296 3997 350 4049 ete.
367 3991 455 4066 plane
472 3992 595 4068 explosa
612 3994 657 4050 est
672 3989 712 4068 (v.
730 3989 836 4051 Christ.
855 4011 884 4068 p.
901 3997 971 4066 249,
993 3990 1103 4050 Ameis.
1122 4010 1151 4066 p.
1165 3993 1226 4068 19).
1258 3992 1382 4052 Minime

296 4093 376 4150 enim
395 4093 442 4154 vis
464 4113 594 4153 consona
614 4093 753 4168 digammi
773 4093 817 4152 ita
838 4095 1001 4171 praevalet,
1028 4097 1063 4151 ut
1085 4093 1172 4152 aliam
1193 4094 1324 4155 litteram
1345 4095 1383 4156 ad

297 4213 328 4252 se
349 4196 488 4272 adplicari
505 4195 643 4271 patiatur,
667 4215 733 4256 cum
754 4195 854 4271 potius
874 4197 972 4274 ipsum
993 4197 1030 4256 ad
1052 4197 1277 4274 praecedentem
1297 4197 1382 4259 reoli-

298 4301 393 4368 notur,
409 4296 485 4356 sicut
499 4292 635 4376 τέσσαρες
649 4317 703 4374 pro
718 4293 868 4378 riod'cpes.
898 4301 1004 4379 Itaque
1020 4301 1177 4377 oportebat
1189 4305 1224 4360 ut
1234 4319 1382 4362 consonae
