3092 4996
717 555 722 562 .
814 473 858 537 62

377 631 416 707 Β)
438 651 458 687 α
478 631 511 688 in
532 648 547 686 ε
568 628 753 688 debilitatum
781 648 845 688 esse
875 629 959 689 onius
980 629 1154 689 mutationis
1180 649 1268 690 eausa
1293 637 1375 690 erent

291 732 422 812 liquidae
442 733 460 790 1
480 753 498 808 ρ
520 732 592 791 satis
613 734 729 790 eonstat
749 731 783 789 in
802 731 943 804 Aeolide3
971 749 1071 810 neque
1098 751 1171 792 vero
1193 732 1284 790 huius
1309 752 1375 809 pro·

291 835 432 912 prietates
452 834 486 892 in
507 833 639 892 Homero
662 832 777 891 desunt

377 935 410 1012 2)
431 940 461 994 A
475 954 549 996 voee
563 933 687 994 Aeoliae
706 929 818 1010 θέρσος
830 954 884 1011 pro
899 927 1015 1014 θάρσος
1027 937 1088 995 iam
1101 941 1219 996 veteres
1232 935 1270 995 ed
1285 956 1377 995 unum

291 1057 395 1098 omnes
415 1041 496 1098 reete
521 1038 666 1096 famosum
693 1056 804 1096 nomen
828 1035 970 1114 Θερσίτης
990 1038 1024 1095 Β.
1042 1044 1113 1098 212.
1128 1044 1200 1097 244.
1216 1043 1277 1098 246
1301 1039 1377 1098 deri·

290 1145 413 1210 mune
445 1140 482 1198 of.
503 1137 594 1198 sohel.
620 1140 659 1196 A.
683 1139 720 1196 ed
741 1155 771 1198 v.
789 1143 868 1196 212:
896 1131 1194 1216 ὦνομστοπεποίητοι
1222 1133 1255 1199 rii
1282 1135 1377 1216 ’ὄνομα

291 1235 375 1320 πηροὶ
396 1232 429 1300 ω’
445 1237 556 1317 θέρσος
571 1233 714 1300 Αἰολικόν
735 1247 766 1300 et
786 1240 877 1300 schol.
896 1241 930 1299 L.
951 1242 1063 1302 Herod.
1082 1263 1114 1300 π.
1135 1241 1209 1302 aiio.
1233 1235 1320 1317 ὄνομ.
1335 1245 1375 1303 Π.

293 1350 365 1418 686,
385 1350 441 1405 32:
469 1337 587 1421 θάρσος
607 1335 681 1421 ὅπερ
704 1339 784 1401 ἐστὶν
804 1340 953 1413 Alouanis
972 1340 1101 1421 θὲρσος,
1124 1342 1154 1416 ἐξ
1170 1332 1216 1404 οὗ,
1228 1342 1279 1404 καὶ
1302 1345 1376 1424 Θερ-

284 1447 391 1523 σίτης,
420 1436 593 1522 Ἁλιθέρσης
614 1438 763 1504 σύνθετον
788 1444 904 1524 γίνεται.
947 1448 1064 1506 Nomen
1086 1453 1185 1506 autem
1205 1439 1378 1523 Ἁλιθέρσης

292 1551 333 1626 (v.
351 1549 515 1608 Hermann.
531 1549 569 1607 ad
583 1549 691 1608 Aesoh.
708 1547 811 1626 Suppl.
829 1570 859 1610 v.
872 1552 925 1628 65)
943 1546 1143 1624 11157258.
1159 1571 1186 1626 ρ.
1199 1556 1248 1609 68.
1271 1571 1304 1608 o.
1315 1556 1373 1624 451

291 1652 326 1710 in
347 1650 438 1710 schol.
460 1651 596 1710 Ambros.
624 1651 662 1708 ad
687 1651 816 1726 primum
841 1651 938 1712 loonm
960 1643 1135 1730 Ἀλιθέρσης
1161 1654 1305 1729 scriptam
1333 1657 1379 1713 est

292 1753 343 1830 (of.
363 1751 535 1812 Buttmanni
557 1750 647 1827 not);
677 1754 801 1812 eandem
821 1755 1017 1814 mutationem
1038 1757 1182 1831 praebent
1205 1753 1378 1832 Θερσίλοχος

293 1857 324 1915 Ρ.
341 1860 411 1913 216.
436 1853 474 1913 Φ.
493 1859 554 1912 209
577 1859 608 1913 et
624 1853 865 1931 Πολυθεροείᾶης
884 1877 909 1932 χ.
927 1858 1004 1930 287,
1026 1857 1078 1916 sed
1094 1856 1273 1917 adieetivum
1287 1860 1377 1916 πολο·

291 1950 412 2037 θορσῆς
425 1958 457 2015 Ρ.
476 1961 543 2014 166.
571 1956 603 2013 T.
621 1957 670 2015 87.
693 1976 719 2014 ν.
735 1957 795 2014 387
819 1958 941 2034 vulgare
962 1964 1009 2017 est
1025 1977 1123 2037 neque
1140 1956 1262 2018 alteram
1276 1959 1376 2018 Aeoli·

291 2081 355 2122 eam
375 2060 572 2120 adiectionem
601 2058 664 2117 eius
692 2059 791 2119 vocis:
820 2053 937 2138 θράσος
955 2079 1011 2136 pro
1032 2050 1151 2134 θράσος
1171 2060 1257 2138 (Ahr.
1280 2081 1309 2137 p.
1327 2061 1374 2118 76.

291 2163 405 2223 Hirzel.
424 2181 454 2238 p.
474 2162 525 2239 10)
554 2161 697 2220 adhibent
723 2162 845 2222 nomina
864 2163 987 2222 Homer.
1012 2153 1213 2236 Θρασύδημος
1239 2161 1374 2240 (pipios)

295 2266 335 2325 Π.
352 2270 424 2323 463.
453 2255 654 2339 Θρασυμήδης
671 2249 758 2323 1'81.
776 2264 813 2321 it
829 2269 899 2322 225.
917 2245 950 2326 Ξ.
968 2268 1014 2321 ιο.
1031 2262 1155 2322 11:³21.
1178 2263 1209 2320 Ρ.
1222 2264 1293 2323 ara.
1306 2265 1375 2323 705.

291 2390 318 2447 y.
335 2372 383 2426 89.
401 2372 472 2425 414.
488 2371 560 2424 442.
578 2370 649 2424 448.
694 2363 777 2428 Quae
806 2367 832 2424 ai
853 2385 1061 2443 conparatum,
1091 2365 1145 2423 illa
1165 2365 1288 2427 Aeolica
1314 2385 1377 2425 esse

290 2470 386 2530 euivis
407 2469 627 2529 eoneedendum
647 2472 694 2527 est
713 2473 805 2546 atque
833 2488 872 2527 ex
893 2467 1024 2528 Aeoliois
1045 2467 1238 2540 earminibns,
1268 2469 1377 2546 quibus

291 2572 318 2632 si
331 2572 431 2630 minus
444 2559 622 2647 'Ospoitozoe
641 2561 815 2647 Ἁλιθέρσης
832 2567 1075 2648 Πολοθερσεὶδης
1094 2574 1127 2628 at
1140 2575 1220 2628 oerte
1237 2568 1377 2646 Θερσίτης

275 2672 446 2749 ·(nimirum
460 2670 602 2746 Θερσίτος
612 2672 663 2732 vel
674 2668 814 2749 Θέρσιτοι)
825 2678 860 2732 ut
870 2671 1113 2731 Muellenhoffius
1122 2670 1157 2728 in
1168 2671 1245 2729 libro
1257 2673 1376 2747 egregio

291 2793 382 2854 quem
400 2773 716 2850 inamipsitDentaehe
729 2773 1018 2834 Alterthumsknnde
1039 2793 1069 2849 p.
1085 2778 1124 2831 26
1147 2773 1221 2832 saite
1242 2774 1375 2846 eonieoit,

292 2875 459 2934 celebratas
479 2875 546 2949 fuit,
567 2877 606 2935 sd
620 2877 710 2935 Iones
727 2881 898 2952 propagata
920 2876 1000 2955 qnod
1013 2875 1199 2934 luculentum
1216 2882 1263 2935 est
1278 2895 1376 2934 exem-

293 2977 376 3053 plum
397 2996 495 3055 neque
515 2979 603 3038 metri
627 2979 743 3037 ratione
765 2983 939 3050 excusatur,
970 2979 1010 3056 (r.
1027 2979 1136 3053 Bergk
1157 2977 1226 3036 hist
1249 2977 1307 3036 litt.
1327 2978 1375 3036 Gr.

292 3099 322 3154 p.
336 3083 406 3138 854.
428 3100 458 3138 n
472 3081 554 3156 141).
569 3111 613 3124 -
635 3079 702 3142 Quo
715 3081 781 3139 iure
795 3081 942 3154 Bergkius
958 3101 987 3156 p.
1003 3085 1049 3138 16.
1065 3100 1095 3138 n
1108 3081 1145 3138 17
1163 3099 1272 3138 nomen
1292 3081 1376 3137 Τελα-

294 3173 360 3258 poiv
377 3201 432 3257 pro
453 3173 596 3255 Taiapoiv
611 3181 767 3240 Aeolicum
784 3182 938 3242 vocaverit
959 3183 1067 3241 neseio.
1111 3182 1209 3240 Etiam
1227 3183 1307 3257 apud
1321 3187 1376 3240 Ar-

290 3285 381 3344 cades
389 3283 520 3359 Paphios
530 3284 658 3344 Boeotos
671 3284 785 3363 (Ameis
797 3304 827 3359 p.
840 3289 880 3342 20
897 3284 973 3343 etit
984 3285 1088 3342 Boeot
1102 3303 1128 3342 ο.
1138 3284 1158 3341 1.
1177 3288 1256 3341 1539
1268 3303 1376 3342 nomen

295 3379 512 3464 Θερσὰνὸριχος
526 3384 645 3461 adtulit)
660 3387 762 3444 eadem
778 3386 875 3446 valuit
891 3387 967 3445 ratio
985 3387 1022 3444 de
1038 3404 1098 3463 qua
1112 3385 1276 3461 disputavit
1290 3386 1375 3444 Gelb-

293 3489 363 3548 kins
384 3489 421 3546 se
443 3487 512 3546 dial.
532 3489 639 3546 Areae
658 3507 688 3562 p.
708 3493 841 3547 13-15.

379 3591 411 3665 3)
432 3590 479 3648 Ne
499 3591 589 3648 Iones
618 3591 739 3669 quidem
757 3591 836 3648 hane
862 3590 1057 3648 mutationem
1086 3589 1239 3664 ignorasse
1263 3590 1373 3648 formae

291 3687 382 3771 ἔρσην
401 3687 535 3769 τέσσερες
553 3693 742 3750 Herodoteae
763 3693 840 3750 elere
862 3696 1099 3762 aonmonstrant;
1120 3692 1173 3749 sed
1193 3711 1233 3750 ne
1251 3711 1290 3750 er
1310 3692 1374 3767 ipso

293 3795 424 3854 Ionismo
435 3793 596 3854 Homerico
610 3792 726 3870 reliqua
741 3793 877 3869 exempla
889 3799 1059 3869 repetemus
1072 3793 1190 3869 inpedit
1203 3794 1284 3871 quod
1300 3793 1375 3852 anti·

294 3897 382 3974 qaior
390 3897 440 3954 las
456 3895 646 3969 originariam
658 3893 792 3954 voealem
806 3895 839 3952 in
851 3891 988 3973 τέσσαρες
1000 3887 1094 3972 ἅρσην
1104 3895 1251 3954 mordiens
1262 3901 1374 3964 tuatim

295 4005 340 4056 est
359 3998 453 4073 igitur
473 4017 525 4056 eur
544 4017 600 4074 pro
622 4005 703 4056 oerto
724 3997 911 4057 adfirmemus
930 3998 1009 4056 hane
1032 3997 1267 4056 debilitationem
1286 3997 1320 4056 in
1341 4016 1375 4055 ea

295 4098 350 4156 snb
365 4097 512 4158 Herodoti
533 4100 650 4158 demum
668 4105 795 4158 aetatem
812 4119 955 4173 manasse,
978 4101 1057 4180 quod
1076 4105 1158 4159 reete
1178 4099 1242 4157 iam'
1259 4099 1374 4158 Giesias

295 4218 325 4276 p.
345 4202 403 4257 196
425 4200 586 4278 perspexit
629 4203 695 4260 Ηοο
717 4221 783 4260 eum
809 4202 852 4262 ite
873 4203 913 4261 sit
932 4220 1052 4261 neeesse
1075 4208 1122 4261 est
1140 4221 1210 4260 oum
1237 4219 1273 4260 eo
1294 4197 1373 4276 βέρε-

295 4303 375 4379 θρον
398 4300 432 4359 Θ.
451 4307 499 4360 14.
521 4325 550 4379 μ.
566 4309 606 4360 94
628 4323 746 4376 rocem,
777 4323 902 4384 quaeum
923 4310 993 4379 apte
1017 4304 1152 4366 eonferes
1172 4304 1278 4362 Ama.
1298 4296 1372 4380 ζὲρε-
