3114 4994
816 510 878 574 110

297 665 332 724 in
354 665 480 742 primam
496 663 725 724 declinationem
745 663 896 723 deflexum
918 683 982 723 esse
1000 683 1054 740 pro
1074 665 1120 741 Ζῆ
1135 665 1212 726 sient
1230 663 1389 742 Δημοσθέ-

299 788 355 843 νην
370 758 534 845 Σωκράτην
547 767 694 842 Bergkius
710 765 779 826 hist
799 785 827 843 p.
838 769 888 826 91.
910 785 939 825 n.
957 767 1025 826 107.
1042 772 1072 827 et
1084 769 1262 827 Kuehnerns
1279 789 1308 845 p.
1326 774 1388 827 895

297 870 438 930 videntur
454 871 663 946 comprobarem
692 867 895 944 Westpbalius
913 873 1011 928 autem
1028 869 1061 928 in
1077 891 1119 946 gr.
1141 872 1232 929 math.
1256 871 1275 930 1.
1294 870 1345 929 Gr.
1363 873 1389 930 Ι.

299 993 329 1050 p.
347 975 408 1031 288
431 966 494 1048 Ζῆς
513 966 576 1047 Ζήν
595 971 714 1032 omnino
732 991 797 1029 cum
812 971 851 1049 γῆ
872 971 929 1050 γῆν
946 975 976 1030 et
991 971 1041 1030 lat.
1060 973 1123 1030 dies
1138 973 1216 1031 diem
1232 973 1390 1032 concinere

297 1093 471 1152 persuasum
493 1073 608 1132 habuit
652 1073 710 1131 Sed
735 1091 913 1152 quamquam
937 1071 1103 1133 Herodiani
1126 1075 1214 1133 fidem
1239 1093 1299 1133 non
1325 1095 1389 1134 esse

297 1177 527 1236 addubitandam
543 1177 671 1236 concedo
692 1194 789 1253 nequa
805 1173 919 1232 infitias
936 1173 987 1233 ibo
1007 1175 1071 1251 Ζῆν
1087 1175 1121 1235 in
1138 1177 1209 1235 Iade
1223 1176 1284 1236 ullo
1300 1179 1388 1236 modo

298 1279 381 1338 nasci
401 1277 550 1355 potuisse,
582 1283 681 1336 tamen
708 1277 823 1352 ambigo
848 1295 919 1334 num
945 1282 1068 1354 propter
1091 1277 1175 1336 illam
1198 1277 1389 1338 Homericam

297 1383 423 1442 formam
449 1385 531 1440 reate
555 1379 588 1438 in
613 1379 724 1438 Graeca
745 1378 849 1454 lingua
874 1385 979 1456 quarta
1005 1379 1098 1456 stirps
1121 1379 1298 1456 accipiatar3
1320 1401 1389 1439 nam

299 1484 371 1564 qnia
393 1503 428 1542 ea
451 1502 512 1542 non
537 1479 647 1556 legitur
673 1480 732 1539 uisi
756 1500 822 1539 cum
844 1480 969 1556 ancipiti
993 1487 1025 1541 et
1049 1483 1197 1542 salebroso
1219 1483 1388 1542 accusativo

301 1577 436 1664 cipriano
461 1583 633 1658 coniugata,
665 1583 739 1642 mihi
765 1583 885 1662 quidem
908 1581 997 1642 etiam
1018 1584 1098 1643 inter
1119 1581 1209 1656 λέξεις
1231 1589 1390 1662 caprotin-

298 1691 386 1767 ρυῑας
400 1688 554 1746 referenda
570 1685 697 1746 ridetur.
741 1685 852 1744 Censeo
871 1683 964 1760 igitur
980 1683 1019 1744 iis
1037 1686 1110 1746 locis
1130 1707 1147 1746 a
1167 1687 1322 1764 rhapsodis
1342 1687 1389 1747 in·

298 1789 460 1850 scientibus
477 1808 575 1868 neque
592 1789 751 1868 quicquam
772 1785 965 1864 opinantibus
983 1789 1139 1848 formulam
1156 1782 1292 1868 εὐρύοπα
1310 1781 1387 1860 Ζεύς

298 1891 419 1970 proprio
443 1892 539 1952 Marte
562 1891 663 1951 statim
685 1892 874 1966 depravatam
898 1907 963 1948 esse
984 1890 1169 1950 nominativo
1188 1891 1222 1951 in
1245 1893 1387 1952 aecusati-

298 2015 370 2054 vum
386 1986 520 2073 εὐρύοπα
539 1995 616 2052 Ζεῦν
633 1992 745 2071 (,,Ζεῦν
764 1991 931 2051 accusativo
954 2011 1024 2051 usus
1042 1998 1106 2052 erat
1122 1993 1308 2072 Polycrates,
1339 1993 1386 2054 cai

298 2097 325 2156 si
344 2099 409 2173 Ζῆν
426 2098 505 2174 apnd
521 2097 684 2155 Homerum
697 2095 878 2165 invenisset,
900 2094 1108 2154 abstinendum
1124 2101 1188 2156 erat
1205 2116 1223 2156 a
1238 2115 1316 2156 nova
1331 2097 1387 2156 ista

301 2200 416 2258 forma“
437 2218 466 2259 v.
486 2196 648 2273 Goettling.
669 2199 706 2278 ad
725 2197 798 2256 Hes.
820 2198 863 2255 th.
881 2201 957 2269 8843
986 2189 1028 2272 μύ
1051 2192 1104 2256 τόν
1124 2199 1202 2256 Ζεῦν
1223 2197 1333 2274 legitur
1355 2199 1387 2257 in

298 2299 491 2359 Aeschrionis
518 2300 624 2359 iambis
655 2300 801 2376 scriptura
830 2303 930 2358 tamen
955 2319 1059 2374 parum
1083 2304 1180 2359 eerta“
1204 2318 1232 2359 r.
1256 2299 1386 2360 Lobeck.

296 2401 400 2479 parall
420 2421 448 2478 p.
467 2407 515 2460 85.
534 2421 562 2461 n.
580 2405 640 2476 24.)
656 2402 705 2461 vel
724 2421 789 2460 mea
806 2406 878 2477 paca
896 2394 938 2458 εὐ.
982 2403 1045 2478 Ζῆν
1061 2401 1237 2480 simpliciter
1251 2405 1387 2478 transpo·

299 2504 372 2578 sito,
395 2509 484 2580 prout
497 2503 697 2583 veriloquium
712 2505 855 2564 suadebat
869 2503 918 2561 vel
935 2503 1140 2579 pronuntiatio
1157 2508 1313 2580 corruptae
1327 2505 1387 2563 lor·

299 2625 366 2666 mae
384 2605 512 2664 maxime
528 2607 676 2681 placabat;
698 2611 788 2684 atque
805 2605 1025 2696 Alexandrinos
1048 2607 1105 2665 hoo
1121 2607 1297 2683 praetulisse
1316 2605 1387 2686 qnia

304 2708 389 2783 Ζῆνα
408 2711 439 2766 st
467 2697 538 2783 Ζῆν’
562 2707 679 2784 saepius
701 2713 765 2767 erat
786 2708 819 2766 in
839 2707 1034 2781 carminibus,
1063 2708 1244 2768 tutissimum
1266 2708 1387 2768 ridetur

301 2813 439 2869 statuere.
481 2809 559 2882 Ergo
578 2809 604 2868 si
622 2829 697 2888 quae
720 2811 757 2868 de
780 2803 913 2886 εὐρύοπα
931 2809 996 2868 dixi
1021 2829 1082 2869 non
1108 2809 1271 2871 omnivori
1288 2810 1386 2888 specie

301 2910 444 2970 destituta
462 2917 545 2985 sunt,
566 2911 643 2971 hanc
661 2931 779 2992 quoque
798 2911 997 2988 suspicionem
1013 2919 1086 2990 puto
1103 2933 1163 2972 non
1181 2913 1270 2989 plana
1287 2930 1385 2972 carere

301 3012 518 3090 probabilitate.
1079 3007 1081 3012 ’

393 3116 444 3192 11)
465 3115 654 3176 Herodianus
677 3137 708 3176 a.
735 3115 807 3176 aiis.
834 3107 918 3193 ὐνομ.
944 3118 986 3177 ΙΙ.
1019 3121 1094 3190 659,
1119 3121 1156 3176 15
1182 3117 1225 3176 sic
1248 3115 1385 3176 tradidit:

303 3202 532 3294 aiEripridopav
549 3210 631 3296 παρὰ
654 3220 696 3301 τῷ
717 3210 840 3301 Ἀλκαίῳ
860 3212 932 3294 μετὰ
956 3220 1009 3277 τού
1031 3211 1050 3276 a
1067 3212 1224 3297 λεγόμενον
1240 3210 1316 3276 acroi
1334 3208 1385 3294 τὴν

301 3311 456 3395 flaocado,
481 3337 585 3380 verum
604 3321 683 3396 apud
703 3321 865 3380 Homerum
886 3321 979 3380 fuisse
997 3312 1150 3396 Λαοόύμα
1167 3312 1334 3399 Εὐρυόύμα
1350 3317 1384 3398 (i)

301 3413 462 3498 Ἀλκιδάμα
480 3419 530 3499 (?);
552 3423 643 3479 ταῦτα
665 3417 713 3495 di,
735 3423 849 3504 inquit,
870 3419 992 3502 λέγομεν
1010 3415 1151 3497 ποιητικαὶ
1174 3413 1256 3482 εἶναι.
1301 3421 1386 3480 Scili-

302 3528 350 3584 cet
368 3523 410 3583 sic
429 3523 619 3583 Aristarchus
642 3525 751 3584 termas
774 3525 946 3585 restituerat
971 3524 1027 3583 etsi
1045 3524 1110 3601 ipse
1137 3515 1256 3610 Κάλχαν
1278 3524 1318 3582 Α.
1335 3527 1384 3580 89.

305 3619 387 3686 Θόαν
414 3627 452 3684 Ν.
470 3631 542 3684 ¹aaa.
569 3617 650 3684 Αἶαν
667 3625 690 3684 1.
717 3632 788 3686 644.
810 3627 856 3686 Μ.
872 3632 942 3704 eea.
967 3627 1006 3684 Ν.
1027 3628 1076 3684 aa.
1101 3625 1215 3701 legarat
1231 3628 1271 3703 (v.
1295 3623 1384 3684 schol.

301 3730 341 3787 ad
364 3729 410 3787 M.
433 3733 503 3787 231.
526 3729 563 3787 Σ.
584 3729 668 3804 285.)
693 3729 777 3788 cuius
801 3729 946 3789 iudicium
971 3731 1134 3806 probarunt
1158 3728 1330 3786 Dindortins
1357 3729 1386 3784 et

303 3829 480 3890 Larccbius:
502 3836 606 3890 contra
622 3831 776 3890 Beklrerus
790 3830 935 3890 rationem
953 3851 1028 3912 quae
1043 3830 1186 3889 Zenodoti
1201 3834 1232 3887 et
1247 3828 1386 3886 Chamae-

302 3931 410 3992 leontis
429 3933 527 3992 luerat
542 3933 637 4010 (schol
653 3933 698 3990 M.
716 3935 790 4011 231)
807 3926 862 3992 οὐν
879 3934 921 4015 τῷ
929 3930 953 3995 ’ὗ
973 3932 1122 3992 scribendi
1140 3931 1252 4011 ubique
1267 3935 1385 4005 praetu-

302 4033 395 4094 lerat:
427 4028 629 4110 Πουλυδάμα
653 4035 786 4094 M.231.
820 4035 857 4094 N.
875 4036 945 4096 τοι.
1019 4035 1089 4093 470.
1112 4035 1148 4093 Σ.
1165 4037 1237 4092 aaa.
1264 4021 1385 4088 Λαοδά-

305 4157 363 4210 μαν
386 4139 420 4193 θ.
442 4140 510 4197 141.
535 4143 609 4210 153;
640 4157 668 4197 v.
693 4138 790 4197 sched.
813 4138 901 4198 Hom.
920 4137 945 4198 Ι.
967 4158 997 4214 p.
1017 4140 1085 4195 158.
1114 4135 1238 4194 Laroch.
1264 4152 1292 4209 p.
1312 4135 1382 4190 283.

304 4235 362 4294 Sed
385 4237 449 4296 noli
478 4239 532 4299 hos
556 4238 708 4298 vocatives
739 4240 809 4319 qnia
836 4260 854 4299 ν
878 4239 1071 4316 originarium
1094 4237 1226 4298 retlnent
1249 4233 1384 4294 Aeolicoa

304 4356 419 4397 vocare.
