3114 4994
782 365 799 413 s

702 484 764 548 143

185 643 380 702 05133515.
398 661 426 718 p.
443 640 517 718 227)
536 645 567 700 et
582 639 774 700 Homericum
789 631 924 715 μιάνθην
940 640 976 696 Δ.
994 643 1063 708 149,
1082 639 1133 697 ubi
1152 639 1272 700 lectioni

186 740 316 818 clavae
336 743 528 802 Hermannus
549 761 597 818 op
614 743 666 804 VI.
687 746 714 814 1,
735 762 766 819 p.
782 737 874 822 282(ss
899 745 930 799 et
949 740 1116 800 Abrensius
1138 741 1174 799 dc
1189 741 1273 800 coni.

187 846 222 904 in
243 865 274 920 μι
296 864 327 920 p.
346 850 393 904 36.
417 845 459 903 Il.
481 865 510 921 p.
528 844 587 902 317
611 844 790 921 patrocinati
813 847 896 916 sunt,
923 843 962 901 ab
982 841 1155 902 Homeridie
1175 848 1274 919 poste-

188 947 376 1026 rioribusque
406 946 502 1023 poetis
533 965 571 1005 ex
602 945 811 1024 antiquissima
837 945 941 1018 lingua
971 948 1002 1003 et
1029 943 1188 1004 Homerico
1218 965 1275 1003 usu

187 1049 382 1108 retinebatur.

276 1149 327 1227 13)
350 1149 420 1208 Non
443 1149 565 1209 meliore
591 1149 656 1208 iure
677 1148 826 1208 Ameisius
846 1169 876 1225 p.
897 1151 935 1207 53
962 1138 1104 1222 Gregorio
1127 1150 1194 1208 Gor.
1223 1150 1275 1229 qui

187 1273 217 1329 p.
235 1256 305 1310 581.
332 1251 365 1309 in
386 1251 554 1310 Homericis
580 1249 748 1328 participiis
778 1242 931 1324 πεποιηῶς
957 1242 1092 1325 redueris
1112 1245 1233 1326 verendo
1255 1273 1273 1310 ιι

187 1352 331 1412 excidisse
360 1353 442 1411 etin
463 1351 553 1411 indic.
576 1344 700 1426 βεβάασι
722 1343 851 1426 μεμάασι
868 1357 924 1412 etc.
954 1351 1046 1430 <quod
1073 1350 1133 1410 iam
1155 1353 1275 1412 Giesius

187 1477 217 1533 p.
239 1459 298 1514 325
329 1452 511 1530 repudiavit)
542 1453 633 1531 idque
664 1452 787 1512 Aeolico
818 1473 900 1512 more
931 1452 1055 1512 tradidit
1085 1454 1273 1514 auscultavit.

187 1557 265 1615 Nam
287 1560 404 1615 constat
430 1556 541 1614 formas
570 1574 646 1633 quae
674 1554 828 1613 etiamtum
855 1558 925 1612 ante
951 1554 1061 1614 suffixa
1088 1555 1160 1614 olim
1185 1575 1203 1614 a
1230 1549 1275 1614 diss

189 1677 304 1732 gammo
325 1657 502 1734 incipientia
518 1657 614 1733 (For-l
626 1647 773 1716 ¹littorea
795 1661 898 1715 carent
918 1655 1102 1734 antiquiores
1125 1677 1189 1716 esse
1208 1658 1275 1718 vul-
1363 1669 1368 1676 ’

188 1759 324 1834 guribus,
345 1759 401 1818 sed·
419 1759 495 1818 latet
512 1759 658 1838 quomodo
680 1778 698 1816 a
719 1758 760 1817 sit
774 1758 1007 1835 explicandum
1028 1758 1130 1817 tamon
1143 1759 1276 1820 'minime

186 1861 337 1921 Obristius
358 1881 387 1937 p.
402 1865 464 1920 231
488 1860 655 1920 laudandus
675 1859 789 1938 estqui
805 1862 832 1918 F
850 1860 883 1919 in
898 1881 916 1918 κ
936 1879 1023 1937 posse
1044 1861 1172 1920 transire
1190 1867 1276 1920 autu-

185 1962 297 2033 mavit-3
321 1963 357 2022 cf.
375 1961 510 2022 Curtium
533 1962 585 2040 qui
607 1961 785 2022 mutandam
808 1962 844 2020 de
865 1966 956 2039 temp.
979 1966 1010 2020 ct
1026 1963 1103 2020 mod.
1126 1967 1276 2038 p.199--

171 2069 262 2124 -eca
276 2068 427 2124 295333
445 2063 636 2140 explanatam
652 2063 785 2124 litteram
800 2063 967 2140 euphonios
987 2064 1104 2123 ratione
1121 2068 1157 2123 ut
1174 2065 1275 2127 hiatus

188 2167 353 2229 evitaretur
373 2166 516 2226 insertam
531 2173 600 2226 esse
621 2166 686 2244 ipse
711 2166 865 2228 revocavit
887 2170 925 2224 et'.
948 2185 977 2242 p.
995 2169 1045 2224 62.
1074 2166 1135 2237 Eri.
1156 2189 1186 2244 p.
1206 2165 1274 2230 112.

279 2266 329 2345 14)
350 2267 430 2328 Male
459 2268 559 2346 lippus
585 2268 759 2328 scholiastes
789 2268 852 2328 cod.
881 2267 963 2343 Lips.
991 2268 1030 2325 ad
1057 2268 1174 2345 epicum
1204 2287 1274 2328 con·

189 2371 357 2431 innotivum
377 2367 453 2428 osta
471 2370 514 2426 Π.
532 2371 592 2430 437
616 2370 764 2448 adspersit
783 2374 900 2430 notam:
923 2363 1011 2445 θήσω
1033 2367 1192 2440 Alcimede.

279 2472 330 2548 15)
353 2471 446 2532 Verbi
475 2473 655 2532 substantivi
675 2472 799 2532 Aeolica
826 2471 955 2546 vestigia
981 2476 1062 2530 certa
1076 2476 1205 2548 praeter
1226 2465 1277 2546 ἒμ-

110 2623 119 2644 ,
191 2593 277 2650 prom
305 2573 401 2652 quode
429 2573 494 2633 dixi
515 2571 543 2650 §.
560 2575 588 2633 7.
611 2575 652 2633 II.
676 2580 694 2632 3
717 2576 804 2658 apud
824 2575 989 2634 Homerum
1009 2575 1071 2632 non
1098 2576 1276 2646 obcurrunt3

191 2694 261 2736 nam
279 2675 460 2753 participum
474 2677 554 2756 quod
575 2677 655 2754 apud
669 2677 835 2736 Aeolenaes'
853 2695 972 2753 semper
984 2675 1118 2736 vocalem
1130 2675 1277 2736 initialem

190 2777 294 2856 stirpis
316 2773 347 2846 ἐς
367 2777 490 2838 retinet:
522 2774 579 2836 lov
600 2774 703 2846 doctor
725 2778 811 2854 (Ahr.
827 2780 851 2838 I.
874 2799 903 2856 p.
923 2778 996 2855 146)
1023 2778 1102 2836 idem
1123 2784 1169 2837 est
1192 2784 1223 2838 et
1244 2779 1277 2837 in

188 2870 264 2942 hdo
293 2880 373 2957 apud
399 2881 564 2940 Homerum
592 2881 837 2959 Herodotumque
865 2885 896 2939 et
925 2880 958 2939 in
986 2879 1098 2938 Doride
1122 2881 1215 2958 (thr.
1234 2879 1276 2939 II.

191 3005 220 3062 p.
235 2983 309 3061 323)
331 2999 429 3060 neque
450 2983 487 3041 de
508 2981 685 3059 imperativo
708 2982 855 3060 Sapphico
878 2979 947 3040 toto
969 2982 1019 3059 (tr.
1041 2987 1065 3054 1,
1083 2987 1132 3041 23.
1160 2981 1235 3041 Alis.
1252 2983 1277 3042 1.
1333 3019 1334 3023 =

191 3106 222 3163 p.
237 3089 305 3144 146.
327 3085 369 3144 IL
385 3105 415 3161 p.
432 3088 503 3143 321.
520 3085 593 3162 542)
616 3087 647 3142 et
660 3085 820 3144 Homerico
836 3077 896 3144 ἔσθ
922 3105 947 3162 γ.
962 3087 1032 3142 200.
1055 3103 1081 3160 ρ.
1097 3083 1157 3142 273
1181 3083 1278 3164 ncq'ue

191 3187 229 3246 dc
242 3185 409 3264 imperfecti
424 3184 498 3260 sing.
513 3205 592 3263 pers.
607 3188 631 3246 Ι.
647 3186 854 3266 antiquissima
868 3181 918 3245 ἔον
932 3205 1009 3265 quae
1024 3185 1184 3246 Heraclide
1194 3185 1276 3247 ¹teste

191 3289 272 3366 apud
299 3287 441 3348 Alcaeum
470 3288 519 3365 (fr.
542 3288 612 3364 127)
642 3293 708 3348 erat
734 3294 824 3368 atque
852 3287 964 3362 legitur
992 3289 1031 3345 A.
1049 3288 1120 3347 762.
1156 3290 1194 3346 Ψ.
1217 3293 1276 3350 643

191 3409 290 3469 neque
307 3390 343 3448 de
360 3389 466 3449 ceteris
480 3388 584 3448 formis
600 3376 683 3464 ἦσθα
703 3395 757 3450 etc.
777 3395 849 3450 nota
863 3389 1044 3467 perspicitur
1060 3408 1118 3468 qna
1136 3391 1174 3448 ad
1188 3389 1278 3468 liqui·

191 3493 263 3552 dum
283 3491 427 3569 perducas
448 3496 548 3552 utrum
570 3511 622 3550 eae
637 3491 781 3550 Aeolismi
802 3511 841 3551 eu
861 3491 1019 3550 archaismi
1040 3491 1150 3550 rectius
1165 3491 1277 3551 haben·
1349 3521 1353 3528 -

192 3595 248 3654 dae
269 3593 344 3664 sint;
364 3597 529 3671 vpraetcrea
549 3599 653 3654 auctor
681 3593 738 3652 sim
765 3613 804 3652 ne
833 3593 900 3674 qais
926 3591 1020 3652 futuri
1050 3587 1172 3666 ἔσσομαι
1197 3593 1277 3671 quod

191 3696 294 3773 inepte
315 3695 490 3756 Esrstathius
511 3715 540 3772 p.
559 3700 630 3768 655,
651 3699 688 3754 13
712 3689 885 3766 Σικελικὸν,
914 3685 952 3753 od
980 3685 1039 3768 μὴν
1060 3685 1204 3752 Αἰολικὸν
1225 3713 1277 3755 vo·

190 3797 272 3860 cavit
291 3796 382 3856 tertia
402 3805 479 3874 pers.
503 3797 577 3870 sing.
601 3793 728 3856 ἐσσεῖται
745 3795 779 3855 Β.
798 3802 869 3856 393.
896 3795 934 3854 Ν.
952 3797 1029 3856 317.
1060 3813 1114 3871 pro
1137 3794 1277 3855 Dorismo

193 3898 354 3960 Homerico
381 3899 494 3958 iudicet
520 3897 561 3974 (v.
580 3901 708 3959 Renner.
724 3901 748 3958 Ι.
767 3905 796 3958 2.
818 3919 847 3976 p.
865 3899 917 3976 59)
939 3897 987 3958 vel
1008 3897 1158 3958 Aeolismo
1183 3897 1277 3974 (Euat.

91 4049 95 4054 .
195 4005 266 4083 129,
281 4006 330 4060 23.
346 4000 434 4078 (Am.
445 4002 470 4059 Ι.
485 4021 515 4077 p.
531 3999 602 4077 132)
620 4001 751 4060 meusim
759 3993 902 4060 Αἰολικὸν
917 3999 1002 4072 dixit,
1019 3999 1111 4058 schol.
1123 3997 1277 4076 Aristoph.

193 4103 272 4162 Plut.
294 4123 325 4164 v.
341 4107 416 4162 493:
438 4095 471 4160 vd
494 4097 526 4162 dt
547 4099 701 4178 βαδιεῖται,
723 4099 774 4162 acl
796 4101 953 4176 φευξεῖται,
976 4093 1012 4160 od
1031 4093 1125 4176 μόνον
1140 4093 1279 4173 Alcimi,

193 4201 249 4264 elas
264 4195 399 4282 Ampsaci,
422 4195 487 4262 ἀλλ’
507 4195 567 4280 ἤδη
581 4199 633 4262 κα)
650 4196 780 4279 Ἀττικά,
804 4205 915 4264 Herod.
938 4223 969 4262 ισ.
989 4194 1035 4260 ’la
1060 4223 1108 4283 rep.
1127 4205 1169 4262 11.
1191 4225 1220 4282 p.
1238 4209 1277 4262 34

193 4307 231 4365 ad
250 4305 374 4366 Β.’333.
397 4307 634 4384 adscripseruntt
656 4299 714 4383 ἤδη
737 4299 793 4385 yolp
814 4298 906 4383 πολλὴ
928 4307 1029 4385 χρῆσις
1050 4305 1110 4365 cciv
1133 4297 1280 4364 τοιούτοιν
