3114 4994
815 481 876 548 122

302 656 374 698 vero
395 636 510 696 Aeolioi
532 637 714 713 adsumptio,
736 655 753 695 e
775 655 834 716 qua
847 637 996 696 interdum
1015 643 1153 698 accentus
1173 639 1206 698 in
1224 638 1390 716 penultima

303 739 458 808 reseditin
474 739 536 799 cod.
553 731 769 816 κεκληγόντες(
790 737 836 808 .ξ.
850 744 890 798 30
905 739 938 798 in
953 740 1016 800 cod.
1032 739 1117 800 Harl
1133 759 1180 817 ap.
1190 742 1233 803 M.
1244 740 1388 804 Schmidt.

303 842 371 902 Did.
388 862 416 918 p.
430 841 501 902 207.
523 841 653 901 Lobcclr.
671 861 701 917 p.
715 840 776 918 37),
797 841 923 902 fortasse
945 859 963 898 a
983 840 1143 919 Tryphone
1163 842 1196 902 in
1216 842 1301 904 libris
1320 840 1389 921 raeci

303 944 493 1018 πλεονασμοῦ
522 943 576 1001 τοῦ
606 939 638 1002 ἐν
667 943 704 1025 τῇ
733 939 851 1000 Αἰολίδι
881 937 1023 1022 διαλέκτῳ
1052 949 1104 1003 aut
1132 940 1200 1022 περλ
1228 946 1288 1004 τῶν
1316 939 1384 1024 παρ’

301 1036 423 1128 Ὁμήρῳ
446 1039 606 1104 διαλέκτων
626 1043 774 1106 illustrata
801 1045 859 1104 fuit
879 1047 958 1104 unde
984 1064 1049 1104 eam
1075 1045 1206 1122 adripuit
1226 1053 1330 1108 auctor
1350 1049 1389 1108 de

301 1149 426 1210 Homeri
448 1148 516 1208 dial.
539 1166 585 1223 ap.
604 1147 701 1206 Maitt
723 1167 752 1223 p.
768 1147 840 1206 478.
863 1148 902 1226 (v.
921 1146 998 1206 Gies.
1015 1166 1044 1223 p.
1057 1152 1107 1208 46.
1118 1148 1176 1227 n.);
1198 1150 1389 1210 Herodianus

301 1255 405 1312 eontra
420 1249 583 1327 disputavit
597 1250 781 1328 formamque
795 1242 983 1327 κεκλήγοντες
1005 1269 1092 1328 quam
1107 1251 1199 1310 solam
1213 1253 1388 1314 servandam

300 1373 366 1414 essa
387 1353 531 1413 iudicavit
551 1371 613 1410 non
627 1351 777 1411 Aeolicam
800 1353 852 1412 scd
866 1351 1080 1429 Syracusanam
1102 1373 1165 1414 esse
1187 1347 1244 1414 sibi
1264 1373 1388 1431 perena·

302 1458 397 1524 serat;
419 1474 488 1514 nam
510 1450 584 1522 ἐθος
606 1446 649 1524 δέ,
670 1453 770 1533 inquit
792 1455 829 1513 ad
853 1453 892 1512 Π.
909 1459 985 1529 430,
1007 1455 1048 1537 τῷ
1071 1455 1180 1538 ποιητή
1201 1448 1297 1526 οὕτως
1319 1471 1388 1534 σχη-

301 1553 436 1630 ματίζειν.
482 1556 525 1614 ef.
544 1575 575 1614 π.
597 1545 643 1614 Ἰλ.
667 1576 717 1632 πρ.
741 1557 778 1614 ad
796 1556 841 1614 M.
861 1560 929 1614 125.
951 1558 993 1618 Π.
1014 1578 1041 1635 p.
1058 1562 1112 1618 81:
1133 1552 1324 1637 κεκλήγοντες
1344 1549 1389 1628 οἷς

302 1650 471 1736 ἆρήγοντες.
495 1650 533 1716 οὗ
555 1649 611 1735 γὰρ
631 1650 664 1716 cd
679 1651 850 1734 κεκληγότες
864 1651 1020 1718 ἐπλεόνασε
1042 1659 1084 1741 τῷ
1105 1658 1132 1732 i,
1155 1654 1226 1720 οὐδὲ
1247 1653 1331 1737 παρὰ
1351 1655 1386 1721 τέ

303 1751 394 1842 ,,ο’ξέα
408 1753 578 1838 κεκληγῶς“
602 1755 716 1834 ἐκλίθη,
739 1751 809 1817 dut
824 1752 906 1838 παραὶ
925 1753 958 1818 cd
974 1757 1101 1841 κέκληγα
1116 1758 1233 1841 γέγονεν
1251 1754 1269 1822 d
1285 1765 1386 1840 Συρα-

301 1853 425 1932 κούσιος
439 1855 562 1930 ἐνεστιές
575 1855 706 1938 κεκλήγω
721 1882 767 1906 -··
790 1853 961 1932 uindicatae
979 1859 1012 1922 δέ
1032 1862 1074 1945 τῷ
1089 1857 1220 1943 κεκλήγω
1243 1858 1348 1941 μετοχή
1365 1858 1386 1942 ή

301 1957 452 2043 κεκλήγων
466 1960 665 2043 βαρυνομένη,
687 1959 776 2021 ἐνθεν
790 1957 822 2023 ro'
838 1959 1037 2043 κεκλήγοντες,
1059 1967 1096 2025 ad
1112 1963 1136 2036 ξ.
1150 1973 1200 2025 30.
1220 1970 1251 2026 et
1264 1988 1295 2043 μ.
1306 1974 1385 2029 256ι

303 2059 507 2146 κεκλήγοντες·
538 2063 566 2125 εἰ
585 2061 638 2142 μὲν
660 2059 710 2124 daci
730 2067 786 2124 τοῦ
808 2070 849 2137 ci,
872 2068 1126 2145 προπερισπᾶται,
1157 2065 1185 2126 εἰ
1205 2063 1237 2128 δὲ
1258 2063 1308 2128 dcci
1329 2072 1385 2130 τοῦ

300 2169 345 2241 ἢ,
367 2163 638 2247 προπαροξύνεται,
660 2187 692 2225 π.
717 2172 788 2227 καθ.
814 2190 864 2242 πρ.
881 2172 906 2230 Ι.
928 2189 957 2246 p.
973 2175 1043 2242 434,
1063 2171 1099 2230 ’λι
1126 2165 1257 2250 κεκλήγω
1278 2207 1314 2218 -
1332 2168 1384 2232 καὶ

299 2266 439 2352 πεπλήγω
457 2306 491 2318 -
513 2271 675 2348 ποιητικῶς
692 2263 872 2349 βαρύνονται
893 2262 953 2330 dat
975 2272 1034 2330 τῶν
1057 2268 1283 2350 παρακειμένων
1303 2292 1384 2353 γεγο-

299 2367 389 2448 νότας
410 2376 481 2436 itam
506 2365 677 2453 βεβρώθοις
694 2375 729 2429 Δ.
746 2378 794 2432 35.
818 2393 835 2432 e
857 2364 1006 2452 βεβρῶθιο
1028 2380 1059 2432 et
1080 2369 1241 2433 ἐκλέλαθον
1262 2375 1297 2433 Β.
1311 2382 1388 2436 600.

299 2470 455 2538 atellae
478 2477 639 2546 Σικελικοῖς
665 2466 726 2532 eiad
753 2475 808 2534 τοῦ
828 2470 940 2548 λέληθα
963 2469 1014 2532 καὶ
1040 2466 1141 2546 Ἰακοῖς
1160 2473 1270 2536 λέλαθα
1292 2496 1383 2554 expe·

299 2581 376 2642 divit
404 2580 445 2657 (r.
468 2581 572 2640 Lenta.
594 2587 656 2639 not.
679 2580 716 2638 ad
732 2578 774 2636 H.
799 2577 954 2655 830,10);
983 2577 1035 2635 sed
1060 2576 1092 2635 in
1117 2578 1213 2637 forma
1232 2575 1384 2658 πέπληγον

298 2682 486 2742 Aristonicus
507 2682 718 2759 Syracusanam
741 2679 984 2739 consuetudinem
1005 2678 1217 2754 improbaverat
1238 2681 1278 2759 (v.
1298 2683 1382 2742 Euat.

298 2805 328 2862 p.
344 2788 433 2856 1598,
451 2784 492 2860 3).
525 2787 665 2843 Attamen
686 2800 724 2840 ne
739 2780 915 2858 Syracusani
930 2780 1049 2861 quidem
1066 2781 1098 2840 in
1114 2783 1275 2842 masculino
1289 2785 1383 2861 parti·

299 2885 370 2961 cipii
393 2886 601 2946 conformando
624 2883 783 2958 avulgata
803 2882 1016 2966 consuetudine
1038 2888 1182 2962 quantum
1203 2885 1311 2944 emmas
1333 2887 1383 2945 de-

300 2987 457 3062 sciverant,
478 3009 507 3049 v.
526 2989 598 3049 Ahr.
614 2989 656 3048 11.
676 3007 706 3063 p.
718 2990 790 3044 331.
804 2990 876 3045 384.
920 2982 1079 3048 Quaeritur
1091 2985 1185 3061 igitur
1198 3005 1274 3066 quac
1288 2986 1385 3047 forma

300 3090 441 3150 maiorem
454 3092 563 3150 habeat
577 3089 823 3168 probabilitatem.
867 3089 1019 3163 Adparere
1036 3092 1135 3147 autam
1150 3088 1265 3149 confido
1281 3089 1383 3148 Aeoli·

300 3210 365 3252 cam
380 3193 499 3252 omniuo
522 3213 583 3252 non
603 3193 636 3250 in
651 3191 815 3252 certissima
829 3188 971 3249 memoria
989 3189 1120 3250 haesisse
1141 3189 1200 3250 nisi
1222 3191 1293 3252 satis
1313 3211 1382 3252 con·

301 3295 416 3354 stanter
439 3313 479 3354 ex
493 3294 670 3374 antiquitate
684 3293 793 3352 tradite
808 3303 899 3362 essct3
921 3310 991 3350 sane
1005 3291 1136 3366 vulgaris
1157 3293 1195 3352 ab
1209 3293 1385 3354 Aristarcho

299 3396 398 3472 potuit
418 3396 574 3470 inculcari,
600 3396 722 3454 minima
743 3412 815 3453 vero
837 3391 967 3452 Aeolica.
1010 3393 1087 3452 Mihi
1114 3393 1234 3472 quidem
1260 3377 1384 3472 propter

299 3500 377 3558 hano
397 3498 645 3559 verisimilitatam
666 3495 847 3556 Aeolismum
870 3495 1061 3554 Homericum
1088 3495 1136 3555 cui
1163 3515 1202 3554 ex
1221 3499 1285 3556 tota
1306 3497 1383 3564 anti-

301 3601 414 3679 quitate
432 3601 561 3660 maxime
580 3600 695 3660 adcedit
716 3598 789 3658 fides
805 3597 915 3658 rectius
934 3595 1051 3656 Gicsius
1072 3616 1101 3673 p.
1118 3598 1187 3657 197.
1209 3598 1383 3660 Dindorfius

300 3702 447 3778 Bergkius
464 3723 492 3780 p.
510 3708 580 3762 853.
602 3722 632 3761 n.
649 3706 716 3760 140.
755 3699 918 3760 Larcchius
939 3699 1078 3760 videntur
1099 3699 1187 3760 tutati
1210 3719 1382 3780 essequam

300 3905 456 3964 quaestiones
473 3906 618 3954 Homericae
642 3903 740 3969 (Gissae
758 3901 835 3968 1850)
859 3903 890 3950 ab
908 3875 1009 3950 Osanna
1026 3917 1051 3962 p·
1064 3905 1113 3952 288
1131 3903 1243 3952 laudatas
1259 3904 1381 3966 inspicere

300 3991 416 4038 licuit-
433 4005 491 4037 nam
508 3996 716 4052 programmatum
734 3993 758 4036 at
774 3989 972 4035 dissertationum
983 3988 1086 4034 facultas
1102 3987 1129 4034 in
1145 3989 1253 4036 univers.
1268 3988 1379 4037 biblioth.

301 4076 381 4122 adhuc
393 4065 509 4123 continuo
521 4081 646 4123 recusatur
663 4100 704 4120 —.
722 4073 770 4119 Hic
780 4073 855 4132 igitur
871 4089 895 4134 p.
908 4073 1009 4122 26-28
1027 4073 1057 4119 de
1069 4087 1100 4119 ca
1110 4073 1189 4120 forma
1199 4072 1277 4119 verba
1288 4073 1381 4121 faciem

301 4159 375 4208 ctiam
398 4158 549 4208 Lobeclrium
572 4161 659 4207 merito
684 4158 779 4206 notavit
802 4163 874 4217 atque
898 4157 971 4204 simul
993 4158 1113 4204 concessit
1135 4158 1239 4205 formam
1255 4158 1381 4205 Aeolicam

230 4305 232 4313 .
301 4237 476 4306 κεκλήγοντες,
495 4246 563 4292 cuius
579 4245 685 4304 plurima
700 4242 841 4290 testimonia
857 4259 870 4290 e
886 4243 955 4290 codd.
974 4247 999 4290 et
1015 4243 1180 4302 grammaticis
1195 4243 1307 4303 contulit,
1324 4247 1382 4305 post

300 4328 469 4382 Aristarchum
487 4343 502 4376 a
518 4329 602 4376 multis
619 4343 672 4378 essa
688 4327 823 4389 probatam.
