3114 4994
302 631 458 692 Bskkerus
484 633 608 706 propter
629 618 669 702 ὅη
691 627 817 686 ebreus.
846 627 883 686 de
904 625 981 686 coni.
1008 625 1041 684 in
1062 643 1096 700 μι
1117 623 1206 686 Ηοιιι.
1227 645 1257 702 p.
1274 630 1315 684 28
1337 625 1390 686 elii

303 733 344 811 (v.
358 731 489 792 Lobeclr.
503 729 608 806 poroll.
625 749 654 806 p.
672 729 746 805 168)
768 727 856 804 plene
877 729 1105 797 damnaverunt
1126 742 1225 804 neque
1245 727 1390 802 refrogor.

303 835 361 893 Sed
381 832 511 892 balbutit
526 831 733 907 grammaticus
753 829 805 890 ille
827 831 864 890 de
878 829 1028 890 Aeolismc
1051 820 1131 903 διάη,
1154 847 1221 888 cum
1236 821 1291 902 ζόη
1314 829 1391 888 siout

301 935 334 994 in
356 933 425 993 diul.
441 932 567 1011 Cyprios
588 923 649 1003 ζὸτι
670 932 711 1008 (p.
724 937 773 991 44.
789 952 819 991 ιι.
836 931 887 1009 16)
910 930 1011 990 audire
1027 931 1140 1002 debeat,
1162 929 1213 988 vel
1227 925 1295 1004 ὅίδη
1312 931 1391 1007 quod

302 1038 386 1096 Ilust
403 1034 446 1095 sie
460 1035 614 1094 derivans:
636 1030 716 1107 δίδη,
738 1025 834 1111 ἤγουν
852 1029 974 1108 ἐδέσμει,
997 1022 1056 1090 ὅτιὸ
1076 1031 1132 1094 ,τοῦ
1151 1028 1249 1105 δίὸημι
1268 1024 1310 1100 ιὸρ
1328 1023 1389 1090 ὅτιὸ

301 1137 357 1196 τοῦ
384 1133 487 1211 ὅοιημι
512 1132 579 1209 ἵστη
606 1134 711 1211 (verbe
739 1134 870 1210 Scaliger
896 1135 933 1194 sd
961 1134 1074 1210 Pbryn.
1101 1132 1154 1194 ecl.
1182 1152 1228 1210 ep.
1258 1133 1388 1196 Lobeclr.

302 1236 577 1315 perendinavit)
604 1236 642 1295 od
663 1236 816 1312 vulgarem
842 1236 956 1298 flexum
982 1235 1128 1310 relegavit
1155 1235 1204 1311 (ci.
1228 1232 1308 1294 ὅιόεῖ
1327 1232 1390 1296 deo-

302 1330 386 1416 μεὸει
405 1338 502 1418 Hes).
611 1387 615 1396 .
911 1378 916 1388 .

332 1435 338 1444 ’
389 1442 421 1516 6)
442 1431 602 1514 Ὀνιὶμινος
622 1439 777 1499 Aeolicum
798 1442 937 1500 vocatum
957 1438 999 1516 (v.
1015 1438 1087 1496 Abr.
1104 1439 1129 1497 1.
1151 1458 1180 1515 p.
1200 1443 1268 1498 145.
1291 1459 1322 1498 ιι.
1336 1439 1389 1516 21)

303 1544 335 1602 et
348 1542 385 1601 eb
398 1541 560 1602 Heraclide
574 1559 620 1618 op.
637 1541 719 1602 nost.
739 1545 829 1612 1432,
847 1545 885 1599 33
902 1559 956 1616 pro
972 1530 1135 1614 ὅνοὸμινος
1150 1539 1243 1619 (quod
1258 1539 1389 1612 Lobeclr.

304 1643 342 1702 cd
362 1642 473 1702 nuum.
491 1643 532 1700 H.
560 1661 588 1719 p.
608 1646 678 1700 266.
709 1661 726 1700 e
753 1643 879 1702 Luciuni
904 1639 1068 1716 Philopetr.
1098 1639 1124 1718 ς.
1143 1647 1192 1700 16.
1221 1641 1390 1718 adscripsit)

303 1744 404 1826 τροπῇ
424 1739 552 1826 Αὶοὶικῇ
573 1743 626 1819 τῆς
648 1741 686 1804 οῖι
713 1737 886 1822 ὅιφθὸγμου
915 1738 957 1810 εἰς
977 1733 1010 1800 sd
1039 1745 1060 1816 ἦ
1085 1733 1127 1810 cic
1151 1735 1318 1816 ιιαλήμενος
1338 1761 1390 1801 ex·

304 1845 447 1922 plicatum
468 1845 603 1906 ridemus
631 1845 795 1921 proesentis
822 1845 888 1904 loco
913 1843 999 1903 verbi
1027 1843 1166 1906 defectivi
1190 1835 1280 1919 ὅνημι
1301 1836 1390 1920 (delo

303 1966 359 2024 pro
382 1940 496 2022 ὅτινα)
524 1946 708 2007 intellectum
731 1965 809 2019 esso,
840 1966 906 2006 cum
929 1964 1009 2006 nunc
1030 1963 1085 2020 pro
1108 1944 1212 2006 coristi
1231 1945 1389 2022 participio

303 2049 403 2110 valeat
423 2067 602 2128 quemquem
624 2049 661 2106 de
683 2039 801 2123 ὅνίνημι
817 2047 923 2108 debuit
945 2036 1089 2118 ὀνάμενοι
1110 2045 1187 2106 sicut
1208 2037 1339 2106 ὄνασθαι
1361 2049 1391 2105 ot

304 2143 431 2225 ὀναίμην
456 2150 616 2222 exsistere3
645 2150 776 2210 Lobcck.
799 2149 919 2228 quidem
939 2166 969 2222 p.
986 2147 1035 2206 71.
1058 2167 1087 2206 ιι.
1102 2151 1131 2206 4.
1158 2147 1313 2208 Heraclidi
1334 2147 1389 2206 dif-

303 2252 376 2312 fisus
396 2256 443 2312 est
463 2252 515 2312 sed
536 2252 573 2311 ed
587 2251 700 2329 Pbryn.
723 2270 751 2327 p.
772 2254 820 2308 13.
841 2249 906 2324 ipse
927 2249 965 2310 de
977 2247 1152 2323 imperfecto
1173 2249 1260 2310 verbi
1280 2241 1391 2325 ὅνημαι

303 2352 451 2429 exposuit.
494 2351 613 2412 Scilicet
635 2350 840 2430 antiquissimo
862 2349 982 2425 linguae
1002 2369 1060 2410 usu
1079 2350 1192 2412 formes
1211 2370 1251 2410 ex
1270 2342 1391 2427 ὅνίνημι

306 2454 385 2533 quod
406 2473 461 2530 par
482 2459 528 2514 est
548 2450 650 2528 ὅσιημι
670 2454 790 2526 formae,
813 2456 845 2514 et
866 2443 954 2525 ὅνημι
969 2451 1048 2531 qnod
1067 2455 1113 2512 est
1133 2471 1187 2528 pro
1210 2445 1297 2525 dcto,
1321 2473 1390 2514 con·

304 2555 432 2616 societee
453 2573 517 2616 esse
538 2555 679 2617 uidentur
698 2554 732 2614 in
752 2554 843 2614 unius
862 2553 947 2614 verbi
970 2557 1111 2630 systemc3
1135 2553 1299 2614 rectissime
1315 2565 1391 2630 'ergo

306 2655 441 2716 Curtium
462 2657 499 2714 de
519 2656 603 2715 verb.
623 2675 654 2732 p.
672 2659 744 2715 356.
766 2646 912 2731 ὀνήμενος
932 2654 1012 2714 inter
1033 2655 1201 2730 praesentia
1221 2656 1390 2720 couloeesse

305 2756 442 2818 arbitror.
552 2805 568 2819 .,
652 2812 655 2820 ,
680 2781 683 2787 “
708 2813 712 2819 .

394 2857 424 2935 7)
445 2857 606 2920 Homerios
632 2859 728 2920 foma
757 2850 846 2935 ὅρηαι
868 2855 893 2928 ξ.
911 2863 986 2933 643,-
1017 2877 1105 2937 quem
1134 2857 1274 2938 „quidem
1302 2859 1391 2918 ectcsi

307 2960 448 3022 dixerunt
469 2979 510 3020 ex
530 2951 613 3036 ὅριοι
629 2959 680 3022 elii
698 2961 735 3020 ob
751 2952 842 3037 ὅρημι
863 2959 915 3020 ulii
933 2961 971 3020 ab
994 2950 1092 3036 ὅρέιαι
1107 2950 1191 3037 dolus
1212 2960 1267 3038 (sic
1282 2958 1391 3022 Gcettl.

307 3063 344 3122 de
364 3079 424 3122 occ.
447 3081 476 3137 p.
494 3061 567 3138 106)
597 3081 663 3123 cum
692 3061 783 3122 setosi
813 3051 904 3138 ὅρηαι
932 3066 967 3126 ut
995 3055 1106 3136 μυθέαι
1132 3063 1258 3136 μυθεῖαι
1281 3061 1392 3137 repeti·

305 3165 433 3224 verunt‘
447 3161 604 3240 (Lobeclsii
618 3163 711 3224 verbo
724 3167 796 3224 sunt
810 3163 985 3240 quibuscum
999 3182 1059 3224 une
1069 3163 1212 3224 Lentzius
1226 3164 1263 3223 ed
1278 3162 1391 3223 Herod.

305 3265 331 3326 1.
353 3283 383 3339 p.
399 3267 459 3322 461
484 3281 524 3324 ex
543 3264 627 3324 Enst
649 3284 679 3340 p.
698 3264 788 3337 1163,
808 3269 848 3324 24
871 3264 1070 3340 transcripsit:
1098 3254 1392 3346 εὰ·1ρᾷς”ομηρις

305 3365 469 3441 ποιητικῶς
489 3357 578 3442 ὅρηαι
595 3362 669 3439 puel
684 3359 955 3444 προπαροξυτόνως
977 3357 1037 3427 ὅτιὸ
1054 3361 1209 3435 ἐνεστῶτος
1229 3367 1284 3424 τοῦ
1300 3358 1393 3444 ὅρημι

306 3469 395 3544 set),
421 3466 584 3528 certissime
605 3468 664 3528 buc
686 3468 765 3530 cedit
786 3486 912 3547 quacum
934 3451 1113 3532 conterende
1132 3472 1179 3532 est
1199 3467 1271 3530 Hes.
1294 3468 1392 3543 glossa

305 3569 428 3629 Aeolica
444 3559 555 3645 ὅρημαι
572 3559 634 3645 ὅροῖ
649 3569 690 3646 (v.
710 3569 788 3630 (ties.
804 3589 834 3646 p.
847 3569 918 3632 374.
940 3570 1049 3650 thul.
1071 3588 1100 3645 p.
1112 3574 1162 3630 36.
1180 3568 1261 3645 136).
1289 3572 1391 3650 Atque

306 3670 371 3732 iure
392 3670 434 3731 sic
449 3674 629 3748 aeceperunt
643 3670 761 3732 (lortius
775 3670 809 3730 in
828 3689 871 3744 gr,
888 3669 937 3730 Gr.
953 3668 978 3750 5.
992 3675 1062 3730 312.
1078 3691 1107 3730 ιι.
1128 3690 1158 3747 p.
1171 3671 1230 3733 147
1251 3675 1284 3732 et
1298 3672 1391 3735 Rom·

307 3772 385 3849 ptius
405 3776 517 3851 quaest
532 3772 621 3838 Hom.
637 3791 666 3848 p.
685 3776 732 3834 19.
752 3771 813 3850 qui,
835 3776 991 3850 postquem
1009 3773 1149 3849 exposuit
1164 3792 1194 3848 p.
1210 3776 1247 3834 16
1269 3773 1390 3846 „Aeoli-

307 3893 371 3934 curu
393 3892 482 3953 quem
504 3872 577 3936 dicis
600 3873 747 3936 retiensm'
768 3872 914 3934 omnium·
927 3874 1086 3938 verborum
1114 3891 1148 3949 μι
1175 3892 1239 3934 esse
1262 3874 1390 3939 maxime

306 3973 456 4052 proprium
478 3980 567 4054 etque
588 3975 679 4036 etiam
699 3974 732 4035 in
753 3974 819 4034 eliis
835 3974 953 4034 Atticus
974 3974 1181 4036 declinationis
1200 3975 1304 4035 formis
1327 3993 1391 4036 esse

307 4079 472 4138 sorrow
503 4077 543 4151 (v.
565 4077 823 4138 surculeum.
845 4097 874 4153 p.
893 4079 982 4156 394),
1012 4076 1049 4135 ds
1069 4069 1160 4153 ὅρηαι
1186 4078 1228 4138 sic
1257 4077 1392 4154 scripsit:

307 4176 402 4247 ..melo
423 4161 498 4240 illud
519 4179 557 4238 od
577 4179 651 4242 Hes.
672 4171 782 4258 ὅρημαι
802 4180 914 4239 referre
935 4182 966 4238 ot
986 4197 1053 4240 cum
1071 4177 1131 4238 Orc
1145 4178 1262 4241 Milesio
1284 4178 1332 4256 (li.
1347 4178 1389 4236 M.

310 4280 380 4348 621,
399 4277 451 4354 35)
479 4284 510 4340 et
531 4281 615 4340 Eust.
643 4285 706 4342 tum
728 4284 947 4358 peroxytonum
969 4284 1136 4354 occentum,
1164 4284 1228 4340 tum
1248 4280 1390 4356 coningo·
