3092 4996
693 461 733 524 27

172 635 297 695 quarum
320 621 426 676 natira·
453 635 471 674 a
499 616 638 691 digammi
661 615 852 689 abhorrebat,
883 619 953 675 ante
978 617 1036 678 boo
1055 618 1258 693 .eliderentur;

176 717 404 794 praepositionis
425 717 519 794 igitur
532 708 609 774 notri
630 717 727 776 forma
747 737 824 774 κατ·
845 717 878 777 in
899 737 938 775 κσ
955 719 1091 780 mutilata
1106 725 1151 781 est
1171 724 1258 784 utin

171 813 302 878 κάκτανε
327 821 361 878 Ζ.
383 825 449 879 164.
472 810 599 895 κάσχεθε
618 821 657 876 Λ.
676 819 746 877 702.
768 820 955 896 καστορνῦσα
975 840 1001 896 ρ.
1022 826 1074 894 32,
1098 825 1192 884 aroad.
1210 821 1262 884 aoi-

170 922 241 994 ζελε,
263 921 397 982 Alcman.
414 919 546 998 κσβαίαω
565 921 606 998 (v.
624 919 701 980 Gies.
718 941 746 996 p.
759 926 831 994 254,
854 922 960 982 Christ.
978 943 1006 1000 p.
1021 922 1074 1002 73)
1096 925 1141 984 ita
1154 931 1223 986 ante
1237 929 1265 986 F

171 1025 206 1082 in
227 1017 401 1096 κα-Εάξαις,
423 1029 457 1084 ut
471 1023 521 1082 hio
535 1023 574 1082 sit
587 1023 748 1081 formarum
770 1024 856 1082 ordo:
878 1020 1007 1082 i'ollodsv
1028 1021 1139 1084 l'Fodso
1159 1019 1264 1088 εὔαδεν

172 1126 225 1202 (of.
238 1128 317 1186 Curt.
328 1127 359 1184 in
373 1126 446 1185 actis
459 1125 590 1199 Gotting.
607 1129 685 1183 1862
703 1145 731 1201 p.
744 1125 815 1183 497.
832 1124 914 1185 Stud.
926 1127 967 1186 IL
984 1131 1051 1200 188,
1070 1128 1176 1189 Christ.
1190 1130 1264 1208 255)

174 1234 205 1287 et
234 1221 447 1305 κατ(α)88ξαις
475 1221 621 1297 sarteas
649 1219 802 1296 καυάξαις.
852 1228 951 1288 Etiam
978 1229 1135 1290 Bekkerus
1166 1233 1263 1310 dupli-

173 1335 274 1388 oatum
290 1330 437 1405 digamma
450 1329 621 1406 inprobavit
634 1329 675 1407 (v.
693 1329 790 1390 sohed.
806 1329 932 1390 Homer.
945 1332 970 1390 I.
986 1351 1015 1407 p.
1033 1333 1103 1408 136)
1118 1333 1183 1410 ipso
1200 1335 1264 1414 qui·
1302 1345 1306 1354 ’

176 1432 244 1490 dem
266 1451 381 1507 ponens
396 1433 538 1510 syllabam
553 1431 679 1508 primam
700 1431 812 1490 formae
834 1427 943 1490 iFadsv
964 1437 996 1493 et
1010 1439 1134 1495 aoeentu
1154 1441 1185 1496 et
1204 1438 1264 1498 arsi

173 1535 350 1608 productam
372 1551 448 1607 osso,
469 1554 498 1593 v.
517 1534 657 1606 Lesbiam,
681 1533 716 1592 de
731 1534 862 1593 Bekkeri
883 1535 999 1596 ratione
1022 1556 1050 1612 p.
1068 1542 1123 1612 40,
1146 1539 1263 1602 Hartol.

177 1634 195 1692 l.
215 1655 237 1694 o.
255 1653 284 1712 p.
301 1639 370 1694 399.
417 1635 553 1695 Concinit
573 1653 655 1695 vero·
668 1635 835 1695 Aeolismus
856 1637 1034 1698 Homericus
1056 1631 1158 1715 εὔαδε,
1181 1643 1265 1703 euius

175 1736 339 1812 pleonasmi
355 1737 526 1797 testimonia
540 1738 798 1812 grammaticorum
813 1739 940 1798 Ahrens.
955 1737 980 1800 I.
996 1760 1025 1816 p.
1042 1746 1092 1815 36,
1115 1763 1143 1802 n.
1165 1749 1199 1803 11
1217 1746 1264 1804 in·

172 1837 293 1912 dicavit,
318 1857 384 1899 oum
401 1838 533 1898 Aeolieis
552 1838 656 1898 formis
675 1830 822 1898 crinitorum
846 1833 995 1900 εὐέθωκεν
1017 1834 1120 1901 εὕωθα
1136 1844 1223 1922 (Ahr.
1237 1849 1263 1906 1.

170 1919 202 2015 p.
223 1945 296 2014 101,
319 1961 348 1998 n.
367 1947 401 2014 2,
424 1941 465 1999 11.
482 1961 510 2017 p.
531 1945 600 1999 340.
620 1945 689 2000 503.
708 1941 782 2018 509)
805 1933 883 2000 eiitds
905 1944 955 2020 (of.
972 1937 1130 2014 oi-oidsroc
1148 1949 1221 2008 Ahr.
1238 1951 1264 2011 Ι.

176 2042 227 2120 37)
251 2044 328 2122 quod
351 2042 479 2102 Balbilla
503 2043 535 2100 in
557 2044 650 2118 epigr.
669 2043 758 2104 XIX.
784 2049 829 2103 ll.
860 2044 945 2120 (Am.
963 2047 1004 2105 Il.
1028 2067 1056 2123 p.
1076 2048 1149 2125 578)
1172 2051 1264 2128 serip-

174 2148 253 2203 serat
278 2143 486 2224 Bergkiusque
514 2164 530 2203 e
559 2145 728 2205 coniectura
756 2165 802 2221 ap.
832 2145 942 2222 Sapph.
968 2147 1005 2206 fr.
1025 2153 1052 2221 2,
1078 2150 1095 2208 7
1123 2152 1264 2214 restituit.

172 2248 263 2322 Apud
278 2247 443 2306 Homerum
462 2265 581 2326 quoque
603 2246 674 2305 olim
690 2247 825 2322 pluribus
839 2247 921 2320 loeis,
943 2249 995 2306 ubi
1017 2269 1097 2310 nuno
1115 2259 1162 2312 est
1178 2252 1265 2314 εἴσιδε

176 2343 207 2411 Ξ.
232 2355 277 2422 13,
301 2350 337 2406 Σ.
354 2353 413 2406 236
431 2353 495 2421 eto,
518 2341 596 2406 εὔαδε
612 2347 762 2408 exstitisse
773 2349 927 2408 Nauokius
944 2350 977 2408 in
987 2350 1140 2428 Melanges'
1158 2355 1264 2416 Greco-

176 2451 319 2510 Romains
337 2451 480 2528 (Bullatin
496 2452 532 2509 de
548 2451 649 2510 l'aoad.
665 2452 703 2508 de
713 2451 754 2510 St.
767 2451 909 2525 Petersb.‚
932 2456 1021 2513 1863.
1038 2475 1066 2530 p.
1079 2457 1154 2534 409)
1166 2460 1263 2536 suspi-

174 2559 259 2613 eatus
278 2557 331 2626 ast,
355 2553 402 2612 oui
421 2553 510 2611 fidam
526 2553 644 2612 Curtius
667 2554 703 2611 de
720 2554 808 2613 Verb.
831 2574 860 2630 p.
880 2560 937 2613 123
960 2575 1022 2615 non
1038 2558 1204 2635 denegavit
1221 2597 1263 2608 -

264 2655 295 2732 2)
318 2655 454 2715 Alterum
475 2660 521 2715 est
541 2657 666 2715 verbum
687 2646 838 2733 αὐέρυσαν
859 2659 897 2714 Α.
916 2662 976 2716 469
989 2685 1032 2710 =
1047 2660 1081 2720 B.
1097 2667 1182 2736 422,
1198 2657 1264 2723 αὖε-

177 2751 288 2832 priosta
307 2755 343 2817 Θ.
360 2762 433 2831 326,
457 2748 586 2834 αὐέρυον
608 2759 655 2816 Μ.
672 2763 743 2846 261,
767 2758 849 2820 ouius
870 2760 1017 2820 rationem
1038 2762 1264 2828 Doederleinius

174 2863 208 2918 in
230 2861 351 2937 glossar.
370 2861 458 2919 Hom.
475 2861 535 2919 III.
551 2880 580 2936 p.
595 2866 656 2919 225
677 2882 700 2921 s.
718 2881 747 2921 n.
765 2867 847 2920 2290
871 2862 944 2922 saite
963 2865 1131 2940 perspexit:
1153 2861 1262 2928 oiooFs-

174 2959 265 3035 priore
280 2989 324 3014 =
339 2951 503 3042 oistprioor
517 2989 562 3014 =
576 2953 724 3043 αῬερύσαι
738 2989 782 3016 =
797 2956 957 3042 αὐερύσσι,
988 2967 1066 3024 beno
1087 2969 1198 3032 addens
1221 2971 1264 3030 di·

176 3083 291 3142 gamma
303 3065 434 3126 nasalem
447 3065 659 3125 exterminasse
677 3067 753 3126 siout
767 3070 879 3126 mutam
894 3066 926 3124 in
942 3061 1113 3143 κατΡάξαις,
1132 3072 1168 3130 of.
1184 3073 1263 3134 Curt

176 3189 205 3245 p.
223 3173 298 3240 515;
326 3168 414 3227 etiam
434 3168 484 3227 hio
504 3169 581 3227 falso
601 3169 712 3245 duplex
731 3169 876 3244 digamma
893 3170 1086 3250 subponitur,
1109 3173 1145 3232 of.
1164 3175 1265 3234 Amei-

176 3273 252 3331 sium
270 3291 299 3346 p.
318 3275 363 3342 19,
387 3270 439 3349 qui
462 3291 512 3329 eos
532 3270 584 3350 qui
607 3264 758 3369 αὐέρυραν
774 3290 827 3346 pro
848 3257 888 3329 αὖ
903 3267 1013 3347 ἔρυσαν
1028 3292 1092 3332 esse
1108 3275 1265 3338 voluerant

175 3371 225 3441 (of.
238 3373 450 3431 Buttmannum
467 3393 510 3447 gr.
526 3374 567 3432 Π.
584 3393 613 3449 p.
626 3373 701 3448 470)
723 3373 873 3448 refutavit,
893 3376 990 3434 Peter.
1007 3378 1043 3436 de
1058 3376 1124 3436 dial.
1141 3379 1265 3438 Pindari

175 3495 205 3551 p.
218 3478 266 3530 26.
291 3470 397 3548 (Halia,
418 3479 497 3532 1866
513 3475 581 3534 diss.
597 3475 719 3552 inaug.).
742 3475 964 3551 Savelsbergius
978 3497 1049 3536 vero
1065 3497 1094 3553 p.
1111 3484 1147 3538 12
1165 3502 1184 3536 α
1195 3499 1263 3555 pro·

175 3575 320 3636 thetioum
336 3593 400 3633 esse
417 3577 540 3636 eredidit
557 3579 635 3656 quod
653 3597 677 3635 e.
691 3598 718 3652 g.
733 3578 825 3636 habes
841 3578 873 3635 in
889 3584 969 3638 oerta
984 3559 1154 3640 Alemanioa
1168 3582 1265 3640 forma

177 3671 379 3755 αὐειρσμέναι,
394 3697 480 3756 ‘quae
496 3685 542 3738 est
552 3679 673 3738 Aeolica
684 3679 749 3739 vioe
760 3679 892 3756 vulgaris
908 3672 1084 3758 αἐιρομέναί
1100 3680 1141 3758 (v.
1152 3681 1262 3758 Bergk.

177 3783 217 3839 ad
230 3781 331 3858 hymn.
347 3779 380 3837 in
390 3780 550 3838 Diosouros
565 3801 631 3857 pag.
646 3784 687 3842 II.
702 3803 731 3843 v.
743 3787 793 3855 29,
815 3803 843 3859 p.
858 3787 917 3842 836
930 3783 961 3854 ³3
984 3785 1033 3842 sed
1049 3782 1114 3842 Alo.
1129 3783 1165 3842 ir.
1179 3783 1226 3856 78,
1243 3789 1262 3842 2

176 3877 274 3960 diepa
297 3883 420 3958 praebet
436 3901 470 3940 oo
487 3881 596 3958 Sapph.
614 3887 650 3943 fr.
669 3890 718 3958 91,
735 3891 752 3942 3
777 3877 921 3963 ἆὲρρατε),
944 3886 980 3944 ef.
999 3886 1078 3944 Curt.
1097 3906 1126 3962 p.
1145 3891 1203 3945 331
1227 3887 1263 3946 de

175 3985 258 4044 verb.
273 4004 303 4060 p.
318 3987 392 4054 117;
415 3984 466 4043 alii
480 3984 559 4042 aliud
575 3993 750 4059 statuerunt,
772 4007 801 4048 v.
816 3988 921 4046 Christ.
938 4007 967 4062 p.
980 3987 1029 4044 37.
1041 3991 1111 4047 263.
1139 3987 1264 4049 Veteres

175 4087 234 4145 iam
257 4087 459 4162 pleonasmum
473 4086 628 4146 Aeolicum
651 4089 786 4147 odoratos
808 4109 871 4149 esse
886 4088 1035 4147 Ameisius
1057 4109 1096 4148 ex
1118 4087 1209 4149 sohol.
1226 4091 1263 4150 ad

176 4189 215 4246 A.
234 4194 294 4246 469
317 4190 492 4262 enucleavit,
513 4189 567 4248 ubi
582 4192 706 4249 verbum
728 4189 912 4250 sacrificandi
934 4192 1049 4249 modum
1068 4193 1261 4254 Cumaeorum

177 4290 329 4367 proprium
351 4291 517 4367 significare
539 4292 903 4368 finxerunt.grammatioi.
