<?xml version="1.0" encoding="UTF-8"?>
<!DOCTYPE html PUBLIC "-//W3C//DTD XHTML 1.0 Transitional//EN"
    "http://www.w3.org/TR/xhtml1/DTD/xhtml1-transitional.dtd">
<html xmlns="http://www.w3.org/1999/xhtml" xml:lang="en" lang="en">
 <head>
  <title>
</title>
<meta http-equiv="Content-Type" content="text/html;charset=utf-8" />
  <meta name='ocr-system' content='tesseract 3.04.00' />
  <meta name='ocr-capabilities' content='ocr_page ocr_carea ocr_par ocr_line ocrx_word'/>
</head>
<body>
  <div class='ocr_page' id='page_1' title='image "./dehomericaeeloc01hinrgoog_0117.png"; bbox 0 0 3148 4994; ppageno 0'>
   <div class='ocr_carea' id='block_1_1' title="bbox 810 441 871 506">
    <p class='ocr_par' dir='ltr' id='par_1_1' title="bbox 810 441 871 506">
     <span class='ocr_line' id='line_1_1' title="bbox 810 441 871 506; baseline 0 0"><span class='ocrx_word' id='word_1_1' title='bbox 810 441 871 506; x_wconf 88' lang='grc'><strong>106</strong></span> 
     </span>
    </p>
   </div>
   <div class='ocr_carea' id='block_1_2' title="bbox 294 595 1405 1076">
    <p class='ocr_par' dir='ltr' id='par_1_2' title="bbox 296 595 1383 778">
     <span class='ocr_line' id='line_1_2' title="bbox 297 595 1383 674; baseline -0.005 -16"><span class='ocrx_word' id='word_1_2' title='bbox 297 596 438 672; x_wconf 84' lang='lat' dir='ltr'><strong>sumpsit;</strong></span> <span class='ocrx_word' id='word_1_3' title='bbox 461 611 558 674; x_wconf 84' lang='lat' dir='ltr'><strong>neque</strong></span> <span class='ocrx_word' id='word_1_4' title='bbox 579 614 703 674; x_wconf 89' lang='lat' dir='ltr'><strong>usquam</strong></span> <span class='ocrx_word' id='word_1_5' title='bbox 725 601 880 656; x_wconf 88' lang='lat' dir='ltr'><strong>accentum</strong></span> <span class='ocrx_word' id='word_1_6' title='bbox 897 599 1088 658; x_wconf 66' lang='lat' dir='ltr'><strong>renuerunt</strong></span> <span class='ocrx_word' id='word_1_7' title='bbox 1109 595 1150 672; x_wconf 90' lang='lat' dir='ltr'><strong>(v.</strong></span> <span class='ocrx_word' id='word_1_8' title='bbox 1167 595 1327 668; x_wconf 78' lang='lat' dir='ltr'><strong>Goettling.</strong></span> <span class='ocrx_word' id='word_1_9' title='bbox 1347 596 1383 654; x_wconf 87' lang='lat' dir='ltr'><strong>do</strong></span> 
     </span>
     <span class='ocr_line' id='line_1_3' title="bbox 296 697 504 778; baseline -0.005 -21"><span class='ocrx_word' id='word_1_10' title='bbox 296 717 356 758; x_wconf 90' lang='lat' dir='ltr'><strong>aoo.</strong></span> <span class='ocrx_word' id='word_1_11' title='bbox 377 719 404 774; x_wconf 90' lang='lat' dir='ltr'><strong>p.</strong></span> <span class='ocrx_word' id='word_1_12' title='bbox 421 697 504 778; x_wconf 78' lang='lat'><strong>317).</strong></span> 
     </span>
    </p>

    <p class='ocr_par' dir='ltr' id='par_1_3' title="bbox 294 798 1405 1076">
     <span class='ocr_line' id='line_1_4' title="bbox 383 798 1405 878; baseline 0.003 -20"><span class='ocrx_word' id='word_1_13' title='bbox 383 799 414 877; x_wconf 85' lang='grc'><strong>7)</strong></span> <span class='ocrx_word' id='word_1_14' title='bbox 435 799 608 861; x_wconf 66' lang='lat' dir='ltr'><strong>accusativi</strong></span> <span class='ocrx_word' id='word_1_15' title='bbox 630 800 782 862; x_wconf 88' lang='lat' dir='ltr'><strong>breviores</strong></span> <span class='ocrx_word' id='word_1_16' title='bbox 803 801 837 860; x_wconf 92' lang='lat' dir='ltr'><strong>in</strong></span> <span class='ocrx_word' id='word_1_17' title='bbox 858 821 902 860; x_wconf 81' lang='lat' dir='ltr'><strong>-cv</strong></span> <span class='ocrx_word' id='word_1_18' title='bbox 923 821 977 878; x_wconf 89' lang='lat' dir='ltr'><strong>pro</strong></span> <span class='ocrx_word' id='word_1_19' title='bbox 1001 798 1064 858; x_wconf 76' lang='lat' dir='ltr'><strong>-sdo</strong></span> <span class='ocrx_word' id='word_1_20' title='bbox 1085 799 1135 861; x_wconf 90' lang='lat' dir='ltr'><strong>vel</strong></span> <span class='ocrx_word' id='word_1_21' title='bbox 1157 819 1207 858; x_wconf 76' lang='lat' dir='ltr'><strong>-uu</strong></span> <span class='ocrx_word' id='word_1_22' title='bbox 1227 820 1282 877; x_wconf 87' lang='lat' dir='ltr'><strong>pro</strong></span> <span class='ocrx_word' id='word_1_23' title='bbox 1305 802 1405 861; x_wconf 80' lang='grc' dir='ltr'><strong><em>·νθα,</em></strong></span> 
     </span>
     <span class='ocr_line' id='line_1_5' title="bbox 294 894 1383 981; baseline -0.002 -19"><span class='ocrx_word' id='word_1_24' title='bbox 294 902 447 962; x_wconf 87' lang='lat' dir='ltr'><strong>terminati</strong></span> <span class='ocrx_word' id='word_1_25' title='bbox 480 901 582 981; x_wconf 85' lang='lat' dir='ltr'><strong>quales</strong></span> <span class='ocrx_word' id='word_1_26' title='bbox 612 907 682 962; x_wconf 90' lang='lat' dir='ltr'><strong>sunt</strong></span> <span class='ocrx_word' id='word_1_27' title='bbox 711 896 804 980; x_wconf 78' lang='grc' dir='ltr'><strong><em>κόρυν</em></strong></span> <span class='ocrx_word' id='word_1_28' title='bbox 834 904 873 962; x_wconf 93' lang='grc' dir='ltr'><strong>Ν.</strong></span> <span class='ocrx_word' id='word_1_29' title='bbox 896 909 964 964; x_wconf 86' lang='grc'><strong>131.</strong></span> <span class='ocrx_word' id='word_1_30' title='bbox 998 903 1036 960; x_wconf 90' lang='grc' dir='ltr'><strong>Π.</strong></span> <span class='ocrx_word' id='word_1_31' title='bbox 1056 907 1117 963; x_wconf 80' lang='lat'><strong>215</strong></span> <span class='ocrx_word' id='word_1_32' title='bbox 1147 902 1233 964; x_wconf 83' lang='lat' dir='ltr'><strong>iuxta</strong></span> <span class='ocrx_word' id='word_1_33' title='bbox 1260 894 1383 976; x_wconf 76' lang='grc' dir='ltr'><strong><em>κόρυθα</em></strong></span> 
     </span>
     <span class='ocr_line' id='line_1_6' title="bbox 296 996 1384 1076; baseline -0.002 -12"><span class='ocrx_word' id='word_1_34' title='bbox 296 1005 336 1064; x_wconf 87' lang='grc' dir='ltr'><strong>Ν.</strong></span> <span class='ocrx_word' id='word_1_35' title='bbox 354 1009 414 1064; x_wconf 83' lang='lat' dir='ltr'><strong>iae</strong></span> <span class='ocrx_word' id='word_1_36' title='bbox 430 1009 485 1064; x_wconf 75' lang='lat' dir='ltr'><strong>eto.</strong></span> <span class='ocrx_word' id='word_1_37' title='bbox 509 997 579 1063; x_wconf 71' lang='lat' dir='ltr'><strong>tae</strong></span> <span class='ocrx_word' id='word_1_38' title='bbox 598 1005 638 1064; x_wconf 82' lang='lat' dir='ltr'><strong>u.</strong></span> <span class='ocrx_word' id='word_1_39' title='bbox 653 1009 724 1064; x_wconf 86' lang='lat' dir='ltr'><strong>ass.</strong></span> <span class='ocrx_word' id='word_1_40' title='bbox 747 1017 779 1076; x_wconf 72' lang='grc' dir='ltr'><strong>φι</strong></span> <span class='ocrx_word' id='word_1_41' title='bbox 796 1011 846 1065; x_wconf 79' lang='lat' dir='ltr'><strong>ae.</strong></span> <span class='ocrx_word' id='word_1_42' title='bbox 868 1006 954 1066; x_wconf 72' lang='lat' dir='ltr'><strong>iuxta</strong></span> <span class='ocrx_word' id='word_1_43' title='bbox 976 996 1067 1068; x_wconf 64' lang='lat' dir='ltr'><strong>tasse</strong></span> <span class='ocrx_word' id='word_1_44' title='bbox 1086 1001 1109 1073; x_wconf 74' lang='grc' dir='ltr'><strong>ξ.</strong></span> <span class='ocrx_word' id='word_1_45' title='bbox 1128 1008 1176 1068; x_wconf 85' lang='lat' dir='ltr'><strong>aa.</strong></span> <span class='ocrx_word' id='word_1_46' title='bbox 1199 1023 1228 1064; x_wconf 82' lang='grc' dir='ltr'><strong>υ.</strong></span> <span class='ocrx_word' id='word_1_47' title='bbox 1245 1007 1306 1062; x_wconf 80' lang='lat'><strong>215</strong></span> <span class='ocrx_word' id='word_1_48' title='bbox 1329 1003 1384 1064; x_wconf 78' lang='lat' dir='ltr'><strong>atii</strong></span> 
     </span>
    </p>
   </div>
   <div class='ocr_carea' id='block_1_3' title="bbox 176 1105 1383 1184">
    <p class='ocr_par' dir='ltr' id='par_1_4' title="bbox 176 1105 1383 1184">
     <span class='ocr_line' id='line_1_7' title="bbox 176 1105 1383 1184; baseline -0.003 -16"><span class='ocrx_word' id='word_1_49' title='bbox 176 1161 178 1168; x_wconf 81' lang='grc'>,</span> <span class='ocrx_word' id='word_1_50' title='bbox 295 1107 374 1184; x_wconf 89' lang='lat' dir='ltr'><strong>apud</strong></span> <span class='ocrx_word' id='word_1_51' title='bbox 395 1107 567 1178; x_wconf 82' lang='lat' dir='ltr'><strong>Homerum,</strong></span> <span class='ocrx_word' id='word_1_52' title='bbox 590 1111 624 1164; x_wconf 90' lang='lat' dir='ltr'><strong>ut</strong></span> <span class='ocrx_word' id='word_1_53' title='bbox 646 1106 678 1165; x_wconf 91' lang='lat' dir='ltr'><strong>in</strong></span> <span class='ocrx_word' id='word_1_54' title='bbox 701 1108 825 1168; x_wconf 84' lang='lat' dir='ltr'><strong>Aeolide</strong></span> <span class='ocrx_word' id='word_1_55' title='bbox 846 1113 974 1179; x_wconf 82' lang='lat' dir='ltr'><strong>exstant,</strong></span> <span class='ocrx_word' id='word_1_56' title='bbox 996 1106 1039 1166; x_wconf 86' lang='lat' dir='ltr'><strong>its</strong></span> <span class='ocrx_word' id='word_1_57' title='bbox 1062 1106 1152 1166; x_wconf 88' lang='lat' dir='ltr'><strong>etiam</strong></span> <span class='ocrx_word' id='word_1_58' title='bbox 1173 1105 1205 1164; x_wconf 90' lang='lat' dir='ltr'><strong>in</strong></span> <span class='ocrx_word' id='word_1_59' title='bbox 1227 1105 1383 1181; x_wconf 88' lang='lat' dir='ltr'><strong>Delphicis</strong></span> 
     </span>
    </p>
   </div>
   <div class='ocr_carea' id='block_1_4' title="bbox 287 1206 1383 2511">
    <p class='ocr_par' dir='ltr' id='par_1_5' title="bbox 293 1206 1382 1472">
     <span class='ocr_line' id='line_1_8' title="bbox 293 1206 1382 1285; baseline -0.004 -17"><span class='ocrx_word' id='word_1_60' title='bbox 293 1208 390 1268; x_wconf 80' lang='lat' dir='ltr'><strong>titulis</strong></span> <span class='ocrx_word' id='word_1_61' title='bbox 412 1209 620 1280; x_wconf 87' lang='lat' dir='ltr'><strong>inveniuntur,</strong></span> <span class='ocrx_word' id='word_1_62' title='bbox 650 1209 687 1268; x_wconf 83' lang='lat' dir='ltr'><strong>cf.</strong></span> <span class='ocrx_word' id='word_1_63' title='bbox 708 1208 741 1268; x_wconf 83' lang='lat' dir='ltr'><strong>G.</strong></span> <span class='ocrx_word' id='word_1_64' title='bbox 764 1211 844 1270; x_wconf 82' lang='lat' dir='ltr'><strong>Cart.</strong></span> <span class='ocrx_word' id='word_1_65' title='bbox 866 1211 942 1270; x_wconf 88' lang='lat' dir='ltr'><strong>iiber</strong></span> <span class='ocrx_word' id='word_1_66' title='bbox 964 1209 1011 1268; x_wconf 90' lang='lat' dir='ltr'><strong>die</strong></span> <span class='ocrx_word' id='word_1_67' title='bbox 1033 1210 1186 1270; x_wconf 85' lang='lat' dir='ltr'><strong>Ausbeute</strong></span> <span class='ocrx_word' id='word_1_68' title='bbox 1208 1207 1261 1266; x_wconf 86' lang='lat' dir='ltr'><strong>der</strong></span> <span class='ocrx_word' id='word_1_69' title='bbox 1282 1206 1382 1285; x_wconf 88' lang='lat' dir='ltr'><strong>doipb.</strong></span> 
     </span>
     <span class='ocr_line' id='line_1_9' title="bbox 293 1308 1382 1389; baseline -0.001 -20"><span class='ocrx_word' id='word_1_70' title='bbox 293 1311 410 1372; x_wconf 85' lang='lat' dir='ltr'><strong>Insohr.</strong></span> <span class='ocrx_word' id='word_1_71' title='bbox 432 1311 464 1370; x_wconf 89' lang='lat' dir='ltr'><strong>in</strong></span> <span class='ocrx_word' id='word_1_72' title='bbox 482 1311 557 1376; x_wconf 84' lang='lat' dir='ltr'><strong>actis</strong></span> <span class='ocrx_word' id='word_1_73' title='bbox 572 1310 637 1370; x_wconf 82' lang='lat' dir='ltr'><strong>Soc.</strong></span> <span class='ocrx_word' id='word_1_74' title='bbox 656 1310 713 1370; x_wconf 85' lang='lat' dir='ltr'><strong>litt.</strong></span> <span class='ocrx_word' id='word_1_75' title='bbox 731 1312 801 1372; x_wconf 77' lang='lat' dir='ltr'><strong>sax.</strong></span> <span class='ocrx_word' id='word_1_76' title='bbox 822 1315 910 1370; x_wconf 83' lang='lat'><strong>1864.</strong></span> <span class='ocrx_word' id='word_1_77' title='bbox 928 1333 957 1389; x_wconf 91' lang='lat' dir='ltr'><strong>p.</strong></span> <span class='ocrx_word' id='word_1_78' title='bbox 974 1316 1046 1370; x_wconf 83' lang='lat'><strong>224.</strong></span> <span class='ocrx_word' id='word_1_79' title='bbox 1089 1312 1196 1388; x_wconf 89' lang='lat' dir='ltr'><strong>Itaque</strong></span> <span class='ocrx_word' id='word_1_80' title='bbox 1213 1308 1382 1382; x_wconf 77' lang='lat' dir='ltr'><strong>archidami,</strong></span> 
     </span>
     <span class='ocr_line' id='line_1_10' title="bbox 294 1412 720 1472; baseline 0 0"><span class='ocrx_word' id='word_1_81' title='bbox 294 1431 355 1472; x_wconf 91' lang='lat' dir='ltr'><strong>nou</strong></span> <span class='ocrx_word' id='word_1_82' title='bbox 378 1412 522 1471; x_wconf 84' lang='lat' dir='ltr'><strong>Aeolismi</strong></span> <span class='ocrx_word' id='word_1_83' title='bbox 543 1413 720 1472; x_wconf 77' lang='lat' dir='ltr'><strong>habeantur.</strong></span> 
     </span>
    </p>

    <p class='ocr_par' dir='ltr' id='par_1_6' title="bbox 287 1513 1383 2511">
     <span class='ocr_line' id='line_1_11' title="bbox 357 1513 1382 1590; baseline 0.001 -17"><span class='ocrx_word' id='word_1_84' title='bbox 357 1575 363 1589; x_wconf 58' lang='grc'><strong>,</strong></span> <span class='ocrx_word' id='word_1_85' title='bbox 383 1514 414 1590; x_wconf 83' lang='grc'><strong>8)</strong></span> <span class='ocrx_word' id='word_1_86' title='bbox 435 1513 599 1575; x_wconf 85' lang='lat' dir='ltr'><strong>Peculiaris</strong></span> <span class='ocrx_word' id='word_1_87' title='bbox 620 1520 685 1573; x_wconf 88' lang='lat' dir='ltr'><strong>orat</strong></span> <span class='ocrx_word' id='word_1_88' title='bbox 705 1515 738 1573; x_wconf 90' lang='lat' dir='ltr'><strong>in</strong></span> <span class='ocrx_word' id='word_1_89' title='bbox 759 1515 883 1576; x_wconf 77' lang='lat' dir='ltr'>Aeolide</span> <span class='ocrx_word' id='word_1_90' title='bbox 912 1513 1073 1576; x_wconf 87' lang='lat' dir='ltr'><strong>accusativi</strong></span> <span class='ocrx_word' id='word_1_91' title='bbox 1098 1518 1167 1576; x_wconf 86' lang='lat' dir='ltr'><strong>tert.</strong></span> <span class='ocrx_word' id='word_1_92' title='bbox 1190 1513 1297 1574; x_wconf 85' lang='lat' dir='ltr'><strong>daciin.</strong></span> <span class='ocrx_word' id='word_1_93' title='bbox 1320 1518 1382 1574; x_wconf 87' lang='lat' dir='ltr'><strong>ter-</strong></span> 
     </span>
     <span class='ocr_line' id='line_1_12' title="bbox 293 1615 1383 1694; baseline 0.001 -20"><span class='ocrx_word' id='word_1_94' title='bbox 293 1615 423 1675; x_wconf 89' lang='lat' dir='ltr'><strong>minatio</strong></span> <span class='ocrx_word' id='word_1_95' title='bbox 438 1615 471 1674; x_wconf 90' lang='lat' dir='ltr'><strong>in</strong></span> <span class='ocrx_word' id='word_1_96' title='bbox 486 1635 503 1672; x_wconf 89' lang='grc' dir='ltr'><strong><em>ν</em></strong></span> <span class='ocrx_word' id='word_1_97' title='bbox 517 1616 568 1675; x_wconf 91' lang='lat' dir='ltr'><strong>ubi</strong></span> <span class='ocrx_word' id='word_1_98' title='bbox 583 1615 715 1692; x_wconf 84' lang='lat' dir='ltr'><strong>vulgaris</strong></span> <span class='ocrx_word' id='word_1_99' title='bbox 729 1618 827 1676; x_wconf 82' lang='lat' dir='ltr'><strong>flexus</strong></span> <span class='ocrx_word' id='word_1_100' title='bbox 841 1638 861 1674; x_wconf 88' lang='lat' dir='ltr'><strong>c</strong></span> <span class='ocrx_word' id='word_1_101' title='bbox 875 1618 1006 1694; x_wconf 79' lang='lat' dir='ltr'>praebet,</span> <span class='ocrx_word' id='word_1_102' title='bbox 1027 1616 1060 1674; x_wconf 92' lang='lat' dir='ltr'><strong>in</strong></span> <span class='ocrx_word' id='word_1_103' title='bbox 1077 1634 1163 1694; x_wconf 89' lang='lat' dir='ltr'><strong>quam</strong></span> <span class='ocrx_word' id='word_1_104' title='bbox 1178 1634 1241 1675; x_wconf 86' lang='lat' dir='ltr'><strong>rem</strong></span> <span class='ocrx_word' id='word_1_105' title='bbox 1262 1620 1383 1692; x_wconf 86' lang='lat' dir='ltr'><strong>praeter</strong></span> 
     </span>
     <span class='ocr_line' id='line_1_13' title="bbox 298 1712 1381 1798; baseline 0.002 -22"><span class='ocrx_word' id='word_1_106' title='bbox 298 1738 348 1778; x_wconf 88' lang='lat' dir='ltr'><strong>eos</strong></span> <span class='ocrx_word' id='word_1_107' title='bbox 379 1737 453 1798; x_wconf 87' lang='lat' dir='ltr'><strong>quos</strong></span> <span class='ocrx_word' id='word_1_108' title='bbox 482 1718 568 1777; x_wconf 90' lang='lat' dir='ltr'><strong>modo</strong></span> <span class='ocrx_word' id='word_1_109' title='bbox 596 1719 681 1792; x_wconf 79' lang='lat' dir='ltr'><strong>tetigi</strong></span> <span class='ocrx_word' id='word_1_110' title='bbox 710 1720 817 1792; x_wconf 80' lang='grc' dir='ltr'>κνᾶμιν</span> <span class='ocrx_word' id='word_1_111' title='bbox 839 1720 967 1796; x_wconf 83' lang='grc' dir='ltr'>σφρᾶγιν</span> <span class='ocrx_word' id='word_1_112' title='bbox 987 1718 1074 1776; x_wconf 72' lang='lat' dir='ltr'><strong>sidtu</strong></span> <span class='ocrx_word' id='word_1_113' title='bbox 1101 1712 1175 1776; x_wconf 71' lang='lat' dir='ltr'><strong>atu</strong></span> <span class='ocrx_word' id='word_1_114' title='bbox 1196 1718 1381 1780; x_wconf 74' lang='lat' dir='ltr'><strong>accusativos</strong></span> 
     </span>
     <span class='ocr_line' id='line_1_14' title="bbox 287 1811 1381 1896; baseline 0.002 -18"><span class='ocrx_word' id='word_1_115' title='bbox 287 1812 400 1896; x_wconf 82' lang='grc' dir='ltr'><em>Ἥρων</em></span> <span class='ocrx_word' id='word_1_116' title='bbox 422 1812 561 1892; x_wconf 67' lang='lat' dir='ltr'><strong>astupeo</strong></span> <span class='ocrx_word' id='word_1_117' title='bbox 582 1814 694 1893; x_wconf 79' lang='grc' dir='ltr'>Λήιων</span> <span class='ocrx_word' id='word_1_118' title='bbox 717 1819 842 1880; x_wconf 82' lang='grc' dir='ltr'><em>Πείθων</em></span> <span class='ocrx_word' id='word_1_119' title='bbox 863 1819 957 1880; x_wconf 78' lang='lat' dir='ltr'><strong>ct&#39;dou</strong></span> <span class='ocrx_word' id='word_1_120' title='bbox 978 1811 1080 1878; x_wconf 72' lang='lat' dir='ltr'><strong>aidau</strong></span> <span class='ocrx_word' id='word_1_121' title='bbox 1101 1819 1179 1895; x_wconf 79' lang='grc' dir='ltr'><strong>χρῶν</strong></span> <span class='ocrx_word' id='word_1_122' title='bbox 1201 1818 1242 1895; x_wconf 91' lang='lat' dir='ltr'><strong>(v.</strong></span> <span class='ocrx_word' id='word_1_123' title='bbox 1262 1822 1336 1880; x_wconf 85' lang='lat' dir='ltr'><strong>Ahr.</strong></span> <span class='ocrx_word' id='word_1_124' title='bbox 1353 1822 1381 1880; x_wconf 93' lang='grc' dir='ltr'><strong>Ι.</strong></span> 
     </span>
     <span class='ocr_line' id='line_1_15' title="bbox 295 1922 1381 2000; baseline 0 -18"><span class='ocrx_word' id='word_1_125' title='bbox 295 1944 325 2000; x_wconf 89' lang='lat' dir='ltr'><strong>p.</strong></span> <span class='ocrx_word' id='word_1_126' title='bbox 340 1927 409 1982; x_wconf 79' lang='lat'><strong>113.</strong></span> <span class='ocrx_word' id='word_1_127' title='bbox 431 1927 498 1982; x_wconf 94' lang='grc'><strong>118.</strong></span> <span class='ocrx_word' id='word_1_128' title='bbox 521 1923 625 1982; x_wconf 89' lang='lat' dir='ltr'><strong>Lenta.</strong></span> <span class='ocrx_word' id='word_1_129' title='bbox 642 1923 678 1982; x_wconf 89' lang='lat' dir='ltr'><strong>ad</strong></span> <span class='ocrx_word' id='word_1_130' title='bbox 697 1924 770 1984; x_wconf 86' lang='lat' dir='ltr'><strong>Her.</strong></span> <span class='ocrx_word' id='word_1_131' title='bbox 787 1924 810 1982; x_wconf 89' lang='lat'><strong>1.</strong></span> <span class='ocrx_word' id='word_1_132' title='bbox 834 1944 861 2000; x_wconf 87' lang='lat' dir='ltr'><strong>p.</strong></span> <span class='ocrx_word' id='word_1_133' title='bbox 876 1928 936 1984; x_wconf 84' lang='grc'><strong>416</strong></span> <span class='ocrx_word' id='word_1_134' title='bbox 954 1923 1034 2000; x_wconf 85' lang='lat' dir='ltr'><strong>adn.)</strong></span> <span class='ocrx_word' id='word_1_135' title='bbox 1058 1922 1129 1982; x_wconf 87' lang='lat' dir='ltr'><strong>satia</strong></span> <span class='ocrx_word' id='word_1_136' title='bbox 1147 1927 1191 1982; x_wconf 88' lang='lat' dir='ltr'><strong>cst</strong></span> <span class='ocrx_word' id='word_1_137' title='bbox 1208 1923 1381 1994; x_wconf 70' lang='lat' dir='ltr'><strong>contidissm</strong></span> 
     </span>
     <span class='ocr_line' id='line_1_16' title="bbox 295 2024 1382 2104; baseline 0.002 -20"><span class='ocrx_word' id='word_1_138' title='bbox 295 2025 346 2084; x_wconf 90' lang='lat' dir='ltr'><strong>sed</strong></span> <span class='ocrx_word' id='word_1_139' title='bbox 369 2025 459 2085; x_wconf 89' lang='lat' dir='ltr'><strong>etiam</strong></span> <span class='ocrx_word' id='word_1_140' title='bbox 480 2025 627 2085; x_wconf 88' lang='lat' dir='ltr'><strong>adiectiva</strong></span> <span class='ocrx_word' id='word_1_141' title='bbox 653 2025 725 2084; x_wconf 88' lang='lat' dir='ltr'><strong>item</strong></span> <span class='ocrx_word' id='word_1_142' title='bbox 747 2026 874 2098; x_wconf 79' lang='lat' dir='ltr'><strong>figurata</strong></span> <span class='ocrx_word' id='word_1_143' title='bbox 901 2024 994 2085; x_wconf 87' lang='lat' dir='ltr'><strong>fuisse</strong></span> <span class='ocrx_word' id='word_1_144' title='bbox 1016 2025 1124 2084; x_wconf 87' lang='lat' dir='ltr'><strong>docent</strong></span> <span class='ocrx_word' id='word_1_145' title='bbox 1149 2024 1284 2102; x_wconf 86' lang='lat' dir='ltr'><strong>exempla</strong></span> <span class='ocrx_word' id='word_1_146' title='bbox 1305 2043 1382 2104; x_wconf 85' lang='lat' dir='ltr'><strong>quae</strong></span> 
     </span>
     <span class='ocr_line' id='line_1_17' title="bbox 293 2119 1383 2206; baseline 0 -20"><span class='ocrx_word' id='word_1_147' title='bbox 293 2132 442 2188; x_wconf 87' lang='lat' dir='ltr'><strong>tenemus:</strong></span> <span class='ocrx_word' id='word_1_148' title='bbox 466 2119 582 2202; x_wconf 68' lang='lat' dir='ltr'><strong>sidetana</strong></span> <span class='ocrx_word' id='word_1_149' title='bbox 598 2128 627 2186; x_wconf 79' lang='lat' dir='ltr'><strong>S.</strong></span> <span class='ocrx_word' id='word_1_150' title='bbox 645 2129 682 2187; x_wconf 78' lang='lat' dir='ltr'><strong>fr.</strong></span> <span class='ocrx_word' id='word_1_151' title='bbox 699 2129 748 2187; x_wconf 81' lang='lat'><strong>72.</strong></span> <span class='ocrx_word' id='word_1_152' title='bbox 773 2122 905 2204; x_wconf 78' lang='grc' dir='ltr'><strong><em>ἒμφὲρην</em></strong></span> <span class='ocrx_word' id='word_1_153' title='bbox 921 2128 958 2187; x_wconf 82' lang='lat' dir='ltr'><strong>fr.</strong></span> <span class='ocrx_word' id='word_1_154' title='bbox 976 2131 1024 2198; x_wconf 80' lang='lat'><strong>85,</strong></span> <span class='ocrx_word' id='word_1_155' title='bbox 1043 2132 1061 2184; x_wconf 82' lang='lat'><strong>2</strong></span> <span class='ocrx_word' id='word_1_156' title='bbox 1084 2131 1174 2206; x_wconf 90' lang='lat' dir='ltr'><strong>atque</strong></span> <span class='ocrx_word' id='word_1_157' title='bbox 1196 2127 1383 2200; x_wconf 80' lang='lat' dir='ltr'><strong>grammatici</strong></span> 
     </span>
     <span class='ocr_line' id='line_1_18' title="bbox 293 2221 1380 2306; baseline -0.002 -16"><span class='ocrx_word' id='word_1_158' title='bbox 293 2231 510 2306; x_wconf 75' lang='lat' dir='ltr'><strong>adposuerunt:</strong></span> <span class='ocrx_word' id='word_1_159' title='bbox 531 2224 681 2303; x_wconf 74' lang='grc' dir='ltr'><strong><em>ὃνσμένην</em></strong></span> <span class='ocrx_word' id='word_1_160' title='bbox 695 2225 876 2303; x_wconf 74' lang='grc' dir='ltr'><strong><em>κυνλοτέρην</em></strong></span> <span class='ocrx_word' id='word_1_161' title='bbox 890 2221 1067 2305; x_wconf 66' lang='lat' dir='ltr'><strong>adprisione.</strong></span> <span class='ocrx_word' id='word_1_162' title='bbox 1100 2229 1184 2293; x_wconf 81' lang='lat' dir='ltr'><strong>Quae</strong></span> <span class='ocrx_word' id='word_1_163' title='bbox 1199 2229 1380 2290; x_wconf 82' lang='lat' dir='ltr'><strong>cousuetudo</strong></span> 
     </span>
     <span class='ocr_line' id='line_1_19' title="bbox 292 2330 1381 2409; baseline 0 -19"><span class='ocrx_word' id='word_1_164' title='bbox 292 2337 393 2393; x_wconf 87' lang='lat' dir='ltr'><strong>utrum</strong></span> <span class='ocrx_word' id='word_1_165' title='bbox 411 2351 449 2390; x_wconf 82' lang='lat' dir='ltr'><strong>ex</strong></span> <span class='ocrx_word' id='word_1_166' title='bbox 465 2331 645 2409; x_wconf 85' lang='lat' dir='ltr'><strong>antiquitate</strong></span> <span class='ocrx_word' id='word_1_167' title='bbox 661 2330 802 2392; x_wconf 86' lang='lat' dir='ltr'><strong>Aeolicae</strong></span> <span class='ocrx_word' id='word_1_168' title='bbox 817 2330 936 2390; x_wconf 75' lang='lat' dir='ltr'><strong>dialecti</strong></span> <span class='ocrx_word' id='word_1_169' title='bbox 953 2350 991 2390; x_wconf 88' lang='lat' dir='ltr'><strong>an</strong></span> <span class='ocrx_word' id='word_1_170' title='bbox 1007 2351 1024 2389; x_wconf 89' lang='lat' dir='ltr'><strong>e</strong></span> <span class='ocrx_word' id='word_1_171' title='bbox 1039 2330 1170 2390; x_wconf 88' lang='lat' dir='ltr'><strong>novandi</strong></span> <span class='ocrx_word' id='word_1_172' title='bbox 1183 2331 1279 2392; x_wconf 77' lang='lat' dir='ltr'><strong>sudio</strong></span> <span class='ocrx_word' id='word_1_173' title='bbox 1296 2351 1381 2408; x_wconf 88' lang='lat' dir='ltr'><strong>rape·</strong></span> 
     </span>
     <span class='ocr_line' id='line_1_20' title="bbox 293 2431 1381 2511; baseline -0.001 -19"><span class='ocrx_word' id='word_1_174' title='bbox 293 2434 385 2492; x_wconf 88' lang='lat' dir='ltr'><strong>tenda</strong></span> <span class='ocrx_word' id='word_1_175' title='bbox 407 2434 446 2492; x_wconf 87' lang='lat' dir='ltr'><strong>sit</strong></span> <span class='ocrx_word' id='word_1_176' title='bbox 467 2434 578 2507; x_wconf 80' lang='lat' dir='ltr'><strong>ambigi</strong></span> <span class='ocrx_word' id='word_1_177' title='bbox 599 2439 714 2511; x_wconf 87' lang='lat' dir='ltr'><strong>potest;</strong></span> <span class='ocrx_word' id='word_1_178' title='bbox 735 2433 886 2493; x_wconf 86' lang='lat' dir='ltr'><strong>Hirzelius</strong></span> <span class='ocrx_word' id='word_1_179' title='bbox 905 2433 1022 2511; x_wconf 86' lang='lat' dir='ltr'><strong>quidem</strong></span> <span class='ocrx_word' id='word_1_180' title='bbox 1043 2438 1168 2509; x_wconf 88' lang='lat' dir='ltr'><strong>propter</strong></span> <span class='ocrx_word' id='word_1_181' title='bbox 1187 2431 1284 2496; x_wconf 88' lang='lat' dir='ltr'><strong>levem</strong></span> <span class='ocrx_word' id='word_1_182' title='bbox 1305 2433 1381 2492; x_wconf 90' lang='lat' dir='ltr'><strong>dati-</strong></span> 
     </span>
    </p>
   </div>
   <div class='ocr_carea' id='block_1_5' title="bbox 292 2527 1420 3124">
    <p class='ocr_par' dir='ltr' id='par_1_7' title="bbox 292 2527 1420 3124">
     <span class='ocr_line' id='line_1_21' title="bbox 293 2527 1379 2616; baseline 0.001 -21"><span class='ocrx_word' id='word_1_183' title='bbox 293 2555 398 2596; x_wconf 83' lang='lat' dir='ltr'><strong>vorum</strong></span> <span class='ocrx_word' id='word_1_184' title='bbox 427 2556 456 2594; x_wconf 88' lang='lat' dir='ltr'><strong>u.</strong></span> <span class='ocrx_word' id='word_1_185' title='bbox 480 2555 525 2612; x_wconf 89' lang='lat' dir='ltr'><strong>pr.</strong></span> <span class='ocrx_word' id='word_1_186' title='bbox 554 2530 927 2616; x_wconf 71' lang='lat' dir='ltr'><strong>Acvvopivp,qucodivp</strong></span> <span class='ocrx_word' id='word_1_187' title='bbox 952 2527 1029 2616; x_wconf 78' lang='lat' dir='ltr'><strong>&#39;&#39;qu</strong></span> <span class='ocrx_word' id='word_1_188' title='bbox 1061 2535 1146 2611; x_wconf 79' lang='lat' dir='ltr'><strong>(Ahr.</strong></span> <span class='ocrx_word' id='word_1_189' title='bbox 1168 2552 1197 2612; x_wconf 86' lang='lat' dir='ltr'><strong>p.</strong></span> <span class='ocrx_word' id='word_1_190' title='bbox 1218 2541 1286 2598; x_wconf 82' lang='grc'><strong>116.</strong></span> <span class='ocrx_word' id='word_1_191' title='bbox 1307 2536 1379 2611; x_wconf 78' lang='lat'>122)</span> 
     </span>
     <span class='ocr_line' id='line_1_22' title="bbox 294 2636 1379 2713; baseline 0 -17"><span class='ocrx_word' id='word_1_192' title='bbox 294 2636 520 2696; x_wconf 89' lang='lat' dir='ltr'><strong>similitudinem</strong></span> <span class='ocrx_word' id='word_1_193' title='bbox 534 2636 627 2696; x_wconf 86' lang='lat' dir='ltr'><strong>falsae</strong></span> <span class='ocrx_word' id='word_1_194' title='bbox 644 2637 798 2711; x_wconf 80' lang='lat' dir='ltr'><strong>analogiae</strong></span> <span class='ocrx_word' id='word_1_195' title='bbox 815 2656 880 2696; x_wconf 87' lang='lat' dir='ltr'><strong>eam</strong></span> <span class='ocrx_word' id='word_1_196' title='bbox 895 2637 1002 2696; x_wconf 88' lang='lat' dir='ltr'><strong>tribuit</strong></span> <span class='ocrx_word' id='word_1_197' title='bbox 1020 2657 1048 2713; x_wconf 90' lang='lat' dir='ltr'><strong>p.</strong></span> <span class='ocrx_word' id='word_1_198' title='bbox 1061 2641 1117 2707; x_wconf 75' lang='lat'><strong>563</strong></span> <span class='ocrx_word' id='word_1_199' title='bbox 1139 2639 1189 2698; x_wconf 87' lang='lat' dir='ltr'><strong>sed</strong></span> <span class='ocrx_word' id='word_1_200' title='bbox 1204 2637 1283 2698; x_wconf 80' lang='lat' dir='ltr'><strong>infra</strong></span> <span class='ocrx_word' id='word_1_201' title='bbox 1297 2636 1379 2697; x_wconf 86' lang='lat' dir='ltr'><strong>vide·</strong></span> 
     </span>
     <span class='ocr_line' id='line_1_23' title="bbox 292 2737 1379 2816; baseline 0.002 -20"><span class='ocrx_word' id='word_1_202' title='bbox 292 2738 390 2798; x_wconf 88' lang='lat' dir='ltr'><strong>bimus</strong></span> <span class='ocrx_word' id='word_1_203' title='bbox 413 2759 441 2798; x_wconf 91' lang='lat' dir='ltr'><strong>v.</strong></span> <span class='ocrx_word' id='word_1_204' title='bbox 453 2739 488 2798; x_wconf 88' lang='lat' dir='ltr'><strong>d.</strong></span> <span class='ocrx_word' id='word_1_205' title='bbox 512 2740 590 2798; x_wconf 89' lang='lat' dir='ltr'><strong>hanc</strong></span> <span class='ocrx_word' id='word_1_206' title='bbox 611 2738 690 2798; x_wconf 89' lang='lat' dir='ltr'><strong>iusto</strong></span> <span class='ocrx_word' id='word_1_207' title='bbox 706 2738 772 2816; x_wconf 90' lang='lat' dir='ltr'><strong>plus</strong></span> <span class='ocrx_word' id='word_1_208' title='bbox 786 2759 841 2816; x_wconf 84' lang='lat' dir='ltr'><strong>pro</strong></span> <span class='ocrx_word' id='word_1_209' title='bbox 858 2757 946 2798; x_wconf 88' lang='lat' dir='ltr'><strong>causa</strong></span> <span class='ocrx_word' id='word_1_210' title='bbox 960 2738 1143 2811; x_wconf 71' lang='lat' dir='ltr'><strong>venditasse3</strong></span> <span class='ocrx_word' id='word_1_211' title='bbox 1165 2743 1200 2798; x_wconf 89' lang='lat' dir='ltr'><strong>ut</strong></span> <span class='ocrx_word' id='word_1_212' title='bbox 1219 2737 1313 2812; x_wconf 75' lang='lat' dir='ltr'><strong>igitur</strong></span> <span class='ocrx_word' id='word_1_213' title='bbox 1332 2738 1379 2798; x_wconf 91' lang='lat' dir='ltr'><strong>in·</strong></span> 
     </span>
     <span class='ocr_line' id='line_1_24' title="bbox 294 2839 1380 2920; baseline 0.003 -23"><span class='ocrx_word' id='word_1_214' title='bbox 294 2859 391 2914; x_wconf 87' lang='lat' dir='ltr'><strong>genno</strong></span> <span class='ocrx_word' id='word_1_215' title='bbox 414 2840 486 2920; x_wconf 93' lang='lat' dir='ltr'><strong>quid</strong></span> <span class='ocrx_word' id='word_1_216' title='bbox 513 2839 609 2898; x_wconf 92' lang='lat' dir='ltr'><strong>sentio</strong></span> <span class='ocrx_word' id='word_1_217' title='bbox 631 2841 741 2914; x_wconf 87' lang='lat' dir='ltr'><strong>fateor,</strong></span> <span class='ocrx_word' id='word_1_218' title='bbox 772 2840 1008 2919; x_wconf 86' lang='lat' dir='ltr'><strong>antiquissimam</strong></span> <span class='ocrx_word' id='word_1_219' title='bbox 1030 2859 1215 2902; x_wconf 86' lang='lat' dir='ltr'><strong>communem</strong></span> <span class='ocrx_word' id='word_1_220' title='bbox 1239 2841 1380 2900; x_wconf 89' lang='lat' dir='ltr'><strong>termina-</strong></span> 
     </span>
     <span class='ocr_line' id='line_1_25' title="bbox 293 2941 1420 3021; baseline -0.002 -19"><span class='ocrx_word' id='word_1_221' title='bbox 293 2942 405 3002; x_wconf 87' lang='lat' dir='ltr'><strong>tionem</strong></span> <span class='ocrx_word' id='word_1_222' title='bbox 423 2962 472 3000; x_wconf 79' lang='grc' dir='ltr'><strong>-αν</strong></span> <span class='ocrx_word' id='word_1_223' title='bbox 488 2941 537 3001; x_wconf 87' lang='lat' dir='ltr'><strong>vel</strong></span> <span class='ocrx_word' id='word_1_224' title='bbox 552 2961 607 3014; x_wconf 82' lang='grc' dir='ltr'><strong>-νμ</strong></span> <span class='ocrx_word' id='word_1_225' title='bbox 624 2942 663 3016; x_wconf 87' lang='lat' dir='ltr'><strong>(v.</strong></span> <span class='ocrx_word' id='word_1_226' title='bbox 675 2942 783 3021; x_wconf 89' lang='lat' dir='ltr'><strong>Boppii</strong></span> <span class='ocrx_word' id='word_1_227' title='bbox 799 2962 920 3017; x_wconf 82' lang='lat' dir='ltr'><strong>gramm.</strong></span> <span class='ocrx_word' id='word_1_228' title='bbox 937 2944 1020 3005; x_wconf 84' lang='lat' dir='ltr'><strong>brev.</strong></span> <span class='ocrx_word' id='word_1_229' title='bbox 1035 2943 1128 3016; x_wconf 73' lang='lat' dir='ltr'><strong>linga.</strong></span> <span class='ocrx_word' id='word_1_230' title='bbox 1140 2941 1255 3004; x_wconf 84' lang='lat' dir='ltr'><strong>Sanser.</strong></span> <span class='ocrx_word' id='word_1_231' title='bbox 1269 2943 1313 3002; x_wconf 88' lang='lat' dir='ltr'><strong>ed.</strong></span> <span class='ocrx_word' id='word_1_232' title='bbox 1325 2943 1379 3002; x_wconf 83' lang='lat' dir='ltr'><strong>IV.</strong></span> <span class='ocrx_word' id='word_1_233' title='bbox 1416 2953 1420 2960; x_wconf 82' lang='grc'>·</span> 
     </span>
     <span class='ocr_line' id='line_1_26' title="bbox 296 3042 1380 3124; baseline 0.002 -20"><span class='ocrx_word' id='word_1_234' title='bbox 296 3049 387 3117; x_wconf 88' lang='grc'><strong>1868,</strong></span> <span class='ocrx_word' id='word_1_235' title='bbox 411 3042 436 3121; x_wconf 80' lang='lat'><strong>§.</strong></span> <span class='ocrx_word' id='word_1_236' title='bbox 453 3049 521 3104; x_wconf 82' lang='lat'><strong>12³.</strong></span> <span class='ocrx_word' id='word_1_237' title='bbox 537 3066 566 3121; x_wconf 89' lang='lat' dir='ltr'><strong>p.</strong></span> <span class='ocrx_word' id='word_1_238' title='bbox 581 3045 633 3121; x_wconf 87' lang='lat'><strong>83)</strong></span> <span class='ocrx_word' id='word_1_239' title='bbox 648 3044 681 3104; x_wconf 92' lang='lat' dir='ltr'><strong>in</strong></span> <span class='ocrx_word' id='word_1_240' title='bbox 693 3045 817 3105; x_wconf 85' lang='lat' dir='ltr'><strong>Aeolica</strong></span> <span class='ocrx_word' id='word_1_241' title='bbox 831 3044 956 3107; x_wconf 85' lang='lat' dir='ltr'><strong>dialecto</strong></span> <span class='ocrx_word' id='word_1_242' title='bbox 971 3045 1116 3106; x_wconf 78' lang='lat' dir='ltr'><strong>resedisse</strong></span> <span class='ocrx_word' id='word_1_243' title='bbox 1131 3045 1286 3117; x_wconf 85' lang='lat' dir='ltr'><strong>contendo,</strong></span> <span class='ocrx_word' id='word_1_244' title='bbox 1309 3045 1380 3124; x_wconf 80' lang='lat' dir='ltr'><strong>quia</strong></span> 
     </span>
    </p>
   </div>
   <div class='ocr_carea' id='block_1_6' title="bbox 289 3144 1380 4349">
    <p class='ocr_par' dir='ltr' id='par_1_8' title="bbox 289 3144 1380 4349">
     <span class='ocr_line' id='line_1_27' title="bbox 293 3144 1380 3223; baseline 0.002 -19"><span class='ocrx_word' id='word_1_245' title='bbox 293 3163 356 3206; x_wconf 92' lang='lat' dir='ltr'><strong>acc.</strong></span> <span class='ocrx_word' id='word_1_246' title='bbox 378 3147 486 3220; x_wconf 81' lang='grc' dir='ltr'><strong><em>κνᾶμιν</em></strong></span> <span class='ocrx_word' id='word_1_247' title='bbox 508 3144 585 3204; x_wconf 75' lang='lat' dir='ltr'><strong>acite</strong></span> <span class='ocrx_word' id='word_1_248' title='bbox 601 3151 656 3206; x_wconf 81' lang='lat' dir='ltr'><strong>eto.</strong></span> <span class='ocrx_word' id='word_1_249' title='bbox 680 3148 844 3208; x_wconf 83' lang='lat' dir='ltr'><strong>certissime</strong></span> <span class='ocrx_word' id='word_1_250' title='bbox 863 3168 879 3205; x_wconf 90' lang='lat' dir='ltr'><strong>e</strong></span> <span class='ocrx_word' id='word_1_251' title='bbox 900 3147 1101 3212; x_wconf 87' lang='lat' dir='ltr'><strong>vetustissimo</strong></span> <span class='ocrx_word' id='word_1_252' title='bbox 1117 3151 1251 3223; x_wconf 87' lang='lat' dir='ltr'><strong>tempore</strong></span> <span class='ocrx_word' id='word_1_253' title='bbox 1268 3146 1380 3208; x_wconf 87' lang='lat' dir='ltr'><strong>servati</strong></span> 
     </span>
     <span class='ocr_line' id='line_1_28' title="bbox 292 3248 1378 3327; baseline 0 -19"><span class='ocrx_word' id='word_1_254' title='bbox 292 3253 380 3318; x_wconf 86' lang='lat' dir='ltr'><strong>sunt;</strong></span> <span class='ocrx_word' id='word_1_255' title='bbox 410 3249 489 3308; x_wconf 91' lang='lat' dir='ltr'><strong>idem</strong></span> <span class='ocrx_word' id='word_1_256' title='bbox 508 3249 657 3311; x_wconf 85' lang='lat' dir='ltr'><strong>Ameisios</strong></span> <span class='ocrx_word' id='word_1_257' title='bbox 678 3271 706 3327; x_wconf 91' lang='lat' dir='ltr'><strong>p.</strong></span> <span class='ocrx_word' id='word_1_258' title='bbox 725 3255 764 3308; x_wconf 82' lang='lat'><strong>42</strong></span> <span class='ocrx_word' id='word_1_259' title='bbox 794 3250 902 3327; x_wconf 91' lang='lat' dir='ltr'><strong>posuit.</strong></span> <span class='ocrx_word' id='word_1_260' title='bbox 945 3249 1003 3313; x_wconf 86' lang='lat' dir='ltr'><strong>His</strong></span> <span class='ocrx_word' id='word_1_261' title='bbox 1030 3248 1246 3326; x_wconf 84' lang='lat' dir='ltr'><strong>praetermissis</strong></span> <span class='ocrx_word' id='word_1_262' title='bbox 1267 3250 1378 3308; x_wconf 88' lang='lat' dir='ltr'><strong>Home·</strong></span> 
     </span>
     <span class='ocr_line' id='line_1_29' title="bbox 292 3350 1378 3430; baseline -0.004 -16"><span class='ocrx_word' id='word_1_263' title='bbox 292 3351 386 3414; x_wconf 83' lang='lat' dir='ltr'><strong>ricem</strong></span> <span class='ocrx_word' id='word_1_264' title='bbox 407 3352 532 3412; x_wconf 79' lang='lat' dir='ltr'><strong>formam</strong></span> <span class='ocrx_word' id='word_1_265' title='bbox 553 3352 625 3426; x_wconf 79' lang='grc' dir='ltr'><strong><em>ζαῆν</em></strong></span> <span class='ocrx_word' id='word_1_266' title='bbox 649 3371 723 3430; x_wconf 88' lang='lat' dir='ltr'><strong>quae</strong></span> <span class='ocrx_word' id='word_1_267' title='bbox 745 3351 874 3414; x_wconf 86' lang='lat' dir='ltr'><strong>traditur</strong></span> <span class='ocrx_word' id='word_1_268' title='bbox 896 3373 923 3427; x_wconf 91' lang='grc' dir='ltr'><strong>μ.</strong></span> <span class='ocrx_word' id='word_1_269' title='bbox 940 3357 1000 3414; x_wconf 86' lang='grc'><strong>818</strong></span> <span class='ocrx_word' id='word_1_270' title='bbox 1024 3362 1085 3411; x_wconf 82' lang='lat' dir='ltr'><strong>nou</strong></span> <span class='ocrx_word' id='word_1_271' title='bbox 1104 3367 1170 3412; x_wconf 88' lang='lat' dir='ltr'><strong>cnm</strong></span> <span class='ocrx_word' id='word_1_272' title='bbox 1184 3350 1319 3414; x_wconf 81' lang='lat' dir='ltr'><strong>Hiraelio</strong></span> <span class='ocrx_word' id='word_1_273' title='bbox 1341 3352 1378 3411; x_wconf 89' lang='lat' dir='ltr'><strong>ad</strong></span> 
     </span>
     <span class='ocr_line' id='line_1_30' title="bbox 292 3452 1380 3532; baseline -0.002 -19"><span class='ocrx_word' id='word_1_274' title='bbox 292 3453 425 3531; x_wconf 88' lang='lat' dir='ltr'><strong>priscum</strong></span> <span class='ocrx_word' id='word_1_275' title='bbox 447 3452 610 3515; x_wconf 88' lang='lat' dir='ltr'><strong>Ionismmn</strong></span> <span class='ocrx_word' id='word_1_276' title='bbox 630 3455 681 3512; x_wconf 86' lang='lat' dir='ltr'><strong>sed</strong></span> <span class='ocrx_word' id='word_1_277' title='bbox 706 3454 744 3512; x_wconf 85' lang='lat' dir='ltr'><strong>ad</strong></span> <span class='ocrx_word' id='word_1_278' title='bbox 765 3453 947 3515; x_wconf 85' lang='lat' dir='ltr'><strong>Aeolismum</strong></span> <span class='ocrx_word' id='word_1_279' title='bbox 974 3458 1107 3531; x_wconf 86' lang='lat' dir='ltr'><strong>spectare</strong></span> <span class='ocrx_word' id='word_1_280' title='bbox 1129 3452 1273 3526; x_wconf 84' lang='lat' dir='ltr'><strong>diiudico,</strong></span> <span class='ocrx_word' id='word_1_281' title='bbox 1303 3471 1380 3532; x_wconf 84' lang='lat' dir='ltr'><strong>qnae</strong></span> 
     </span>
     <span class='ocr_line' id='line_1_31' title="bbox 294 3555 1378 3640; baseline 0.002 -26"><span class='ocrx_word' id='word_1_282' title='bbox 294 3560 325 3614; x_wconf 89' lang='lat' dir='ltr'><strong>et</strong></span> <span class='ocrx_word' id='word_1_283' title='bbox 352 3556 504 3617; x_wconf 83' lang='lat' dir='ltr'><strong>veteribus</strong></span> <span class='ocrx_word' id='word_1_284' title='bbox 534 3561 564 3615; x_wconf 91' lang='lat' dir='ltr'><strong>et</strong></span> <span class='ocrx_word' id='word_1_285' title='bbox 592 3556 807 3616; x_wconf 88' lang='lat' dir='ltr'><strong>recentioribus</strong></span> <span class='ocrx_word' id='word_1_286' title='bbox 835 3556 928 3617; x_wconf 79' lang='lat' dir='ltr'><strong>multa</strong></span> <span class='ocrx_word' id='word_1_287' title='bbox 955 3555 1107 3616; x_wconf 76' lang='lat' dir='ltr'><strong>facessivit</strong></span> <span class='ocrx_word' id='word_1_288' title='bbox 1133 3555 1262 3629; x_wconf 72' lang='lat' dir='ltr'><strong>negotia.</strong></span> <span class='ocrx_word' id='word_1_289' title='bbox 1292 3555 1378 3640; x_wconf 22' lang='lat' dir='ltr'><strong>[Ari-</strong></span> 
     </span>
     <span class='ocr_line' id='line_1_32' title="bbox 294 3649 1379 3735; baseline 0.002 -19"><span class='ocrx_word' id='word_1_290' title='bbox 294 3659 431 3718; x_wconf 84' lang='lat' dir='ltr'><strong>starchus</strong></span> <span class='ocrx_word' id='word_1_291' title='bbox 451 3657 590 3718; x_wconf 88' lang='lat' dir='ltr'><strong>videlicet</strong></span> <span class='ocrx_word' id='word_1_292' title='bbox 611 3659 682 3730; x_wconf 76' lang='grc' dir='ltr'><strong><em>ζαῆν</em></strong></span> <span class='ocrx_word' id='word_1_293' title='bbox 702 3651 812 3732; x_wconf 68' lang='grc' dir='ltr'><strong><em>ἄνεμον</em></strong></span> <span class='ocrx_word' id='word_1_294' title='bbox 834 3649 876 3725; x_wconf 73' lang='grc' dir='ltr'><strong>ὥς</strong></span> <span class='ocrx_word' id='word_1_295' title='bbox 894 3649 1005 3735; x_wconf 78' lang='grc' dir='ltr'><strong><em>Ἑρμῆν</em></strong></span> <span class='ocrx_word' id='word_1_296' title='bbox 1021 3656 1135 3731; x_wconf 65' lang='lat' dir='ltr'><strong>Haecin</strong></span> <span class='ocrx_word' id='word_1_297' title='bbox 1156 3676 1175 3716; x_wconf 91' lang='lat' dir='ltr'><strong>a</strong></span> <span class='ocrx_word' id='word_1_298' title='bbox 1195 3657 1379 3718; x_wconf 88' lang='lat' dir='ltr'><strong>nominativo</strong></span> 
     </span>
     <span class='ocr_line' id='line_1_33' title="bbox 294 3754 1377 3842; baseline 0.001 -26"><span class='ocrx_word' id='word_1_299' title='bbox 294 3754 379 3829; x_wconf 71' lang='grc' dir='ltr'><strong>ζαέας</strong></span> <span class='ocrx_word' id='word_1_300' title='bbox 395 3760 534 3820; x_wconf 88' lang='lat' dir='ltr'><strong>derivans</strong></span> <span class='ocrx_word' id='word_1_301' title='bbox 552 3759 711 3836; x_wconf 86' lang='lat' dir='ltr'><strong>scripserat</strong></span> <span class='ocrx_word' id='word_1_302' title='bbox 731 3759 771 3836; x_wconf 90' lang='lat' dir='ltr'><strong>(v.</strong></span> <span class='ocrx_word' id='word_1_303' title='bbox 789 3761 893 3842; x_wconf 82' lang='lat' dir='ltr'><strong>Lehrs.</strong></span> <span class='ocrx_word' id='word_1_304' title='bbox 912 3779 961 3838; x_wconf 89' lang='lat' dir='ltr'><strong>qu.</strong></span> <span class='ocrx_word' id='word_1_305' title='bbox 978 3761 1052 3836; x_wconf 87' lang='lat' dir='ltr'><strong>cpio.</strong></span> <span class='ocrx_word' id='word_1_306' title='bbox 1069 3780 1099 3836; x_wconf 89' lang='lat' dir='ltr'><strong>p.</strong></span> <span class='ocrx_word' id='word_1_307' title='bbox 1116 3763 1183 3818; x_wconf 82' lang='lat'><strong>154.</strong></span> <span class='ocrx_word' id='word_1_308' title='bbox 1197 3780 1227 3819; x_wconf 89' lang='lat' dir='ltr'><strong>n.</strong></span> <span class='ocrx_word' id='word_1_309' title='bbox 1249 3759 1377 3820; x_wconf 82' lang='lat' dir='ltr'><strong>Lobeok.</strong></span> 
     </span>
     <span class='ocr_line' id='line_1_34' title="bbox 294 3861 1376 3942; baseline 0 -22"><span class='ocrx_word' id='word_1_310' title='bbox 294 3861 387 3938; x_wconf 78' lang='lat' dir='ltr'><strong>parat.</strong></span> <span class='ocrx_word' id='word_1_311' title='bbox 407 3881 436 3938; x_wconf 89' lang='lat' dir='ltr'><strong>p.</strong></span> <span class='ocrx_word' id='word_1_312' title='bbox 452 3862 541 3942; x_wconf 79' lang='lat'>159);</span> <span class='ocrx_word' id='word_1_313' title='bbox 564 3861 741 3938; x_wconf 82' lang='lat' dir='ltr'><strong>discipulum</strong></span> <span class='ocrx_word' id='word_1_314' title='bbox 762 3882 833 3922; x_wconf 87' lang='lat' dir='ltr'><strong>vero</strong></span> <span class='ocrx_word' id='word_1_315' title='bbox 854 3861 1032 3939; x_wconf 87' lang='lat' dir='ltr'><strong>Dionysium</strong></span> <span class='ocrx_word' id='word_1_316' title='bbox 1053 3862 1197 3922; x_wconf 84' lang='lat' dir='ltr'><strong>Thracem</strong></span> <span class='ocrx_word' id='word_1_317' title='bbox 1218 3861 1272 3935; x_wconf 77' lang='grc' dir='ltr'><strong>ζαῆ</strong></span> <span class='ocrx_word' id='word_1_318' title='bbox 1293 3880 1376 3938; x_wconf 85' lang='lat' dir='ltr'><strong>prae·</strong></span> 
     </span>
     <span class='ocr_line' id='line_1_35' title="bbox 294 3963 1377 4042; baseline 0.002 -20"><span class='ocrx_word' id='word_1_319' title='bbox 294 3963 398 4022; x_wconf 79' lang='lat' dir='ltr'><strong>tulisse</strong></span> <span class='ocrx_word' id='word_1_320' title='bbox 419 3963 489 4023; x_wconf 90' lang='lat' dir='ltr'><strong>inde</strong></span> <span class='ocrx_word' id='word_1_321' title='bbox 511 3964 626 4037; x_wconf 82' lang='lat' dir='ltr'><strong>conligo</strong></span> <span class='ocrx_word' id='word_1_322' title='bbox 650 3963 722 4042; x_wconf 89' lang='lat' dir='ltr'><strong>quia</strong></span> <span class='ocrx_word' id='word_1_323' title='bbox 742 3963 776 4022; x_wconf 92' lang='lat' dir='ltr'><strong>in</strong></span> <span class='ocrx_word' id='word_1_324' title='bbox 801 3963 894 4025; x_wconf 82' lang='lat' dir='ltr'><strong>attera</strong></span> <span class='ocrx_word' id='word_1_325' title='bbox 916 3965 1062 4042; x_wconf 88' lang='lat' dir='ltr'><strong>epitomae</strong></span> <span class='ocrx_word' id='word_1_326' title='bbox 1084 3963 1148 4022; x_wconf 86' lang='lat' dir='ltr'><strong>eius</strong></span> <span class='ocrx_word' id='word_1_327' title='bbox 1169 3963 1377 4037; x_wconf 82' lang='lat' dir='ltr'><strong>grammaticae</strong></span> 
     </span>
     <span class='ocr_line' id='line_1_36' title="bbox 289 4065 1377 4145; baseline 0 -21"><span class='ocrx_word' id='word_1_328' title='bbox 289 4071 379 4142; x_wconf 83' lang='lat' dir='ltr'><strong>parta</strong></span> <span class='ocrx_word' id='word_1_329' title='bbox 403 4072 541 4145; x_wconf 88' lang='lat' dir='ltr'><strong>quaeest</strong></span> <span class='ocrx_word' id='word_1_330' title='bbox 561 4068 594 4124; x_wconf 90' lang='lat' dir='ltr'><strong>in</strong></span> <span class='ocrx_word' id='word_1_331' title='bbox 617 4067 679 4128; x_wconf 91' lang='lat' dir='ltr'><strong>cod.</strong></span> <span class='ocrx_word' id='word_1_332' title='bbox 698 4065 850 4126; x_wconf 83' lang='lat' dir='ltr'><strong>Marciano</strong></span> <span class='ocrx_word' id='word_1_333' title='bbox 873 4067 969 4127; x_wconf 90' lang='lat' dir='ltr'><strong>adhuc</strong></span> <span class='ocrx_word' id='word_1_334' title='bbox 991 4065 1105 4126; x_wconf 87' lang='lat' dir='ltr'><strong>inedita</strong></span> <span class='ocrx_word' id='word_1_335' title='bbox 1126 4065 1287 4142; x_wconf 80' lang='lat' dir='ltr'><strong>exponitur</strong></span> <span class='ocrx_word' id='word_1_336' title='bbox 1307 4066 1377 4138; x_wconf 89' lang='lat' dir='ltr'><strong>„ad-</strong></span> 
     </span>
     <span class='ocr_line' id='line_1_37' title="bbox 294 4159 1377 4250; baseline 0.001 -28"><span class='ocrx_word' id='word_1_337' title='bbox 294 4159 471 4250; x_wconf 80' lang='lat' dir='ltr'><strong>i&#39;octivormii</strong></span> <span class='ocrx_word' id='word_1_338' title='bbox 503 4169 609 4228; x_wconf 85' lang='lat' dir='ltr'><strong>tertiae</strong></span> <span class='ocrx_word' id='word_1_339' title='bbox 639 4167 845 4228; x_wconf 87' lang='lat' dir='ltr'><strong>declinationis</strong></span> <span class='ocrx_word' id='word_1_340' title='bbox 876 4168 1076 4229; x_wconf 88' lang='lat' dir='ltr'><strong>accusativum</strong></span> <span class='ocrx_word' id='word_1_341' title='bbox 1107 4186 1268 4246; x_wconf 87' lang='lat' dir='ltr'><strong>numquam</strong></span> <span class='ocrx_word' id='word_1_342' title='bbox 1298 4167 1331 4226; x_wconf 90' lang='lat' dir='ltr'><strong>in</strong></span> <span class='ocrx_word' id='word_1_343' title='bbox 1359 4185 1377 4223; x_wconf 85' lang='grc' dir='ltr'><strong><em>ν</em></strong></span> 
     </span>
     <span class='ocr_line' id='line_1_38' title="bbox 295 4268 1376 4349; baseline -0.002 -21"><span class='ocrx_word' id='word_1_344' title='bbox 295 4268 404 4341; x_wconf 85' lang='lat' dir='ltr'><strong>efferri,</strong></span> <span class='ocrx_word' id='word_1_345' title='bbox 426 4289 515 4349; x_wconf 87' lang='lat' dir='ltr'><strong>quam</strong></span> <span class='ocrx_word' id='word_1_346' title='bbox 535 4270 667 4332; x_wconf 88' lang='lat' dir='ltr'><strong>litteram</strong></span> <span class='ocrx_word' id='word_1_347' title='bbox 688 4270 809 4332; x_wconf 87' lang='lat' dir='ltr'><strong>nomina</strong></span> <span class='ocrx_word' id='word_1_348' title='bbox 822 4271 944 4349; x_wconf 88' lang='lat' dir='ltr'><strong>propria</strong></span> <span class='ocrx_word' id='word_1_349' title='bbox 963 4269 1114 4330; x_wconf 89' lang='lat' dir='ltr'><strong>interdum</strong></span> <span class='ocrx_word' id='word_1_350' title='bbox 1132 4269 1280 4346; x_wconf 87' lang='lat' dir='ltr'><strong>accipiant</strong></span> <span class='ocrx_word' id='word_1_351' title='bbox 1302 4268 1376 4346; x_wconf 79' lang='grc' dir='ltr'><strong>(Δη-</strong></span> 
     </span>
    </p>
   </div>
   <div class='ocr_carea' id='block_1_7' title="bbox 0 0 1579 4994">
    <p class='ocr_par' dir='ltr' id='par_1_9' title="bbox 0 0 1579 4994">
     <span class='ocr_line' id='line_1_39' title="bbox 0 0 1579 4994; baseline 0 0"><span class='ocrx_word' id='word_1_352' title='bbox 0 0 1579 4994; x_wconf 95' lang='lat' dir='ltr'><strong> </strong></span> 
     </span>
    </p>
   </div>
  </div>
 </body>
</html>
