3114 4994
812 479 875 544 150

301 638 423 699 venitur
444 637 495 696 sed
517 619 696 713 saepissime
709 636 742 693 in
763 635 853 694 certis
873 632 1010 694 formulis
1033 629 1104 690 αἴθε
1118 629 1152 692 al
1167 625 1221 712 γὰρ
1237 631 1318 692 αἴκε
1333 638 1390 694 etc.

301 741 387 800 iuxta
405 735 433 796 sl
452 739 587 815 adparet,
610 737 704 812 igitur
719 741 836 796 tantum
856 737 908 816 qui
928 738 987 796 huc
1007 735 1123 794 iaciunt
1142 734 1226 795 locos
1238 735 1390 796 iudicabo.

300 843 377 900 Nam
399 839 552 918 antiquior
578 840 674 898 forma
703 843 749 898 est
778 835 907 918 adquae
936 838 989 896 illa
1016 837 1195 914 diphthongi
1223 837 1391 896 mutatione

302 942 404 1002 multis
432 940 577 1018 exemplis
606 943 789 1018 conprobata
818 935 1190 1019 (v.shr.11.p.1eej7)
1219 942 1391 1016 temporum

302 1045 429 1104 decursu
442 1043 475 1102 in
490 1041 518 1100 εἰ
530 1045 664 1113 transiit;
686 1043 740 1103 illa
753 1044 846 1118 igItur
860 1042 938 1118 apud
951 1042 1047 1101 Dores
1064 1041 1215 1112 remansit,
1230 1039 1275 1100 ita
1289 1045 1392 1100 nmen

302 1151 338 1206 nt
363 1145 543 1224 posteriores
572 1145 653 1204 tituli
680 1165 706 1204 e.
729 1167 757 1220 g.
784 1145 904 1204 tabulae
932 1143 1147 1203 Heracleenses
1176 1142 1294 1219 saepius
1323 1138 1352 1199 εἰ
1375 1161 1390 1200 e

303 1248 420 1323 vulgari
448 1248 552 1322 lingua
580 1252 732 1325 receptum
761 1249 924 1324 praebeant
951 1244 990 1320 (r.
1012 1247 1086 1304 Ahr.
1106 1245 1148 1306 II.
1170 1265 1198 1322 p.
1215 1243 1307 1318 380),
1339 1244 1392 1302 sed

305 1350 541 1409 constantissime
564 1368 659 1428 usque
680 1350 717 1408 ad
738 1348 906 1408 recentiora
928 1351 1062 1424 tempora
1082 1346 1181 1404 haesit
1200 1345 1232 1404 in
1255 1344 1406 1405 Aeolidis-

306 1452 519 1510 cousuetudine
550 1451 590 1527 (v.
613 1453 688 1510 Ahr.
706 1451 730 1508 1.
760 1470 789 1527 p.
809 1455 860 1510 98.
903 1448 1017 1507 HIrael.
1039 1469 1067 1525 p.
1087 1453 1116 1506 9.
1152 1447 1249 1508 Wald.
1272 1465 1303 1522 p.
1321 1447 1392 1523 20);

306 1557 411 1612 contra
430 1553 533 1610 Attica
561 1556 592 1611 et
611 1553 716 1612 Ionica
743 1551 888 1611 dialectos
915 1553 1035 1627 praeter
1055 1550 1219 1608 Homerum
1249 1548 1345 1608 solum
1367 1543 1394 1606 ci

304 1653 488 1712 admiserunt
508 1655 541 1712 in
562 1655 728 1714 recentiore
749 1673 813 1714 usu
857 1655 964 1732 Itaque
992 1652 1050 1710 nisi
1073 1652 1162 1710 etiam
1187 1652 1293 1710 harum
1314 1649 1393 1710 anti-

306 1754 465 1834 quissImae
488 1756 580 1815 aetati
601 1761 631 1815 et
652 1751 686 1813 ol
705 1761 736 1815 et
758 1753 785 1812 εἰ
804 1754 974 1813 adiudicare
989 1753 1092 1826 mavis,
1116 1772 1192 1832 quae
1213 1751 1392 1829 opinionon

306 1861 405 1934 potest
418 1856 518 1916 fidciri
541 1858 600 1916 nisi
615 1857 775 1917 Homerico
790 1877 855 1928 usu,
877 1856 952 1914 illud
966 1855 1118 1915 Aeolismo
1132 1854 1285 1916 vindicare
1307 1873 1393 1930 prae-

305 1958 397 2018 stabit
424 1978 513 2038 quam
534 1959 686 2032 Dorisrnc,
718 1959 770 2038 qui
791 1957 926 2016 Beklrerc
948 1957 1060 2034 (sohed.
1082 1957 1204 2016 Homer.
1220 1957 1264 2014 11.
1287 1976 1317 2032 p.
1337 1961 1391 2027 11;

306 2061 343 2119 cf.
360 2062 487 2119 Larooh.
504 2082 532 2138 p.
549 2060 624 2138 304)
645 2062 761 2121 voculis
783 2047 852 2118 citro
875 2052 935 2132 poio
957 2055 991 2116 αἰ
1010 2059 1108 2118 inesse
1122 2058 1288 2118 videbatur.
1333 2058 1392 2123 Qui

304 2162 354 2223 vir
376 2161 556 2221 clarissimus
572 2164 598 2222 Ι.
619 2183 650 2239 p.
668 2168 703 2221 61
709 2160 749 2244 st,
772 2162 892 2239 Hcynio
916 2161 976 2238 qui,
998 2165 1156 2240 postquam
1169 2159 1292 2219 Ernesti
1313 2160 1392 2236 puti-

306 2263 372 2323 dius
400 2263 558 2324 discrimen
587 2264 707 2344 aliquod
733 2265 765 2322 in
795 2263 918 2322 notione
945 2263 1075 2338 positum
1105 2281 1168 2321 essa
1195 2262 1326 2339 accepit,
1355 2263 1393 2321 ud

305 2367 343 2423 Α.
356 2371 405 2424 66.
429 2371 608 2444 conquestus
625 2372 670 2425 est
683 2366 772 2443 plane
786 2365 901 2424 nullum
921 2383 1008 2440 posse
1022 2362 1163 2436 inveniri,
1185 2363 1391 2440 adstipulatus,

305 2467 535 2542 discrepantiam
550 2488 566 2527 e
581 2473 668 2528 textu
680 2469 838 2527 extrudere
853 2472 943 2546 atque
958 2462 991 2524 ul
1002 2466 1092 2544 plane
1105 2464 1272 2542 exstirpare
1286 2465 1392 2525 malust

306 2587 394 2646 quam
405 2570 577 2628 auctoritati
588 2570 747 2629 memoriae
761 2571 974 2647 obtemperare,
988 2567 1094 2628 invitis
1106 2567 1278 2626 censoribus
1287 2567 1391 2626 Fried-

304 2671 445 2728 laendero
467 2671 499 2729 in
520 2673 607 2731 Iahn.
630 2691 698 2730 ann.
721 2693 749 2732 v.
770 2673 819 2730 79.
842 2692 871 2749 p.
891 2675 950 2730 822
980 2673 1011 2728 et
1030 2669 1164 2746 Kaysero
1186 2668 1220 2728 in
1242 2667 1390 2742 Philolog.

304 2770 426 2835 XVIII.
455 2791 484 2848 p
503 2773 573 2832 674.
623 2773 729 2852 Neque
759 2793 830 2834 vero
862 2772 934 2832 huic
964 2790 1105 2848 prospere
1138 2770 1283 2846 processit
1313 2771 1391 2850 quod

307 2882 463 2956 utramque
485 2876 613 2934 formam
633 2875 766 2934 ionicam
791 2874 912 2934 vocavit
940 2877 970 2932 et
991 2872 1191 2952 antiquiorem
1217 2869 1250 2930 αἰ
1268 2878 1393 2951 propter

307 2979 426 3053 augusti
457 2979 605 3056 quandam
633 2977 763 3053 speciem
794 2981 824 3034 et
853 2975 1031 3050 gravitatem
1061 2977 1099 3034 ab
1127 2973 1300 3034 Homer-idio
1330 2994 1393 3034 esse

307 3081 470 3157 praelatam
498 3079 678 3150 autumavit,
710 3078 780 3158 quie
808 3077 956 3137 Herodoti
983 3078 1120 3137 verhaL
1147 3096 1174 3136 c.
1190 3076 1247 3135 27:
1277 3073 1310 3134 α1
1337 3068 1392 3154 γαρ

308 3181 397 3239 τοῦτο
428 3176 498 3238 θεοὶ
527 3173 680 3256 ποιήσειαν
710 3182 802 3257 (hunc
829 3179 909 3238 euim
936 3179 1035 3238 locum
1063 3177 1232 3256 advocavit)
1263 3179 1301 3236 ad
1330 3179 1392 3238 Hc·

307 3281 448 3342 mericam
469 3281 666 3341 elocutionem
687 3283 827 3358 adaptata
848 3286 936 3354 sunt;
965 3282 1001 3340 cf.
1024 3301 1052 3338 ν.
1071 3285 1150 3340 2861
1172 3277 1206 3338 ul
1226 3272 1287 3359 γὰρ
1305 3281 1393 3340 τοῦτο

307 3381 381 3453 ἕνας
402 3377 522 3442 τελέσειε
544 3381 683 3460 Κρανίων
705 3384 746 3462 (ν.
762 3383 898 3443 Abiohtii
917 3383 997 3461 adn.)
1020 3387 1051 3442 et
1073 3402 1098 3440 ν.
1116 3386 1173 3440 41.-
1193 3373 1231 3441 ταὶ
1252 3401 1303 3456 μαι
1326 3378 1391 3442 θεοὶ

311 3478 520 3566 Οὐρανίωνες(
543 3475 629 3561 ὄλβια
651 3479 818 3562 ποιήσειαν.
859 3484 917 3544 Sed
940 3484 1025 3563 quid,
1047 3501 1171 3563 quaeso,
1200 3485 1300 3546 obstat
1321 3503 1392 3564 quc·

306 3588 405 3647 minus
427 3583 497 3644 alde
518 3584 552 3644 α1
572 3579 629 3666 γάρ
652 3585 687 3645 al'
706 3607 738 3646 κε
764 3608 804 3647 ex
824 3587 947 3648 Aeolica
968 3587 1049 3664 poesi
1079 3585 1111 3644 in
1134 3584 1286 3662 epicorum
1306 3602 1392 3646 susum

307 3695 525 3749 transmauasse
541 3694 728 3762 censeantur,
750 3690 828 3769 quod
851 3689 875 3748 si
895 3688 961 3768 quis
982 3688 1061 3746 idem
1078 3687 1114 3746 de
1135 3679 1195 3761 μαν
1212 3686 1318 3746 statuit
1332 3707 1391 3748 nou

307 3791 481 3865 ret'ragabor
502 3789 542 3868 (ᾖ.
560 3797 588 3850 9.
607 3789 648 3866 6).
691 3791 860 3850 Aeolismus
876 3796 975 3850 autem
998 3785 1031 3848 al
1051 3788 1140 3848 etiam
1153 3787 1286 3848 Ameisio
1308 3810 1340 3867 p.
1352 3795 1390 3848 25

306 3893 428 3971 placuit.
471 3895 559 3951 Nunc
580 3892 661 3952 iocos
682 3893 788 3952 Iliadis
809 3891 970 3952 secundum
984 3889 1133 3950 Dchorfii
1155 3889 1225 3948 edit
1246 3891 1392 3952 adieram

298 3992 395 4072 ,stes
414 3993 513 4052 1141.
546 3986 609 4052 a's’
627 3996 666 4053 A.
684 4000 755 4055 415.
773 3994 805 4051 Γ.
821 3999 871 4052 40.
890 3996 927 4052 Δ.
942 3994 1011 4053 178.
1030 3987 1063 4056 Ξ.
1078 3996 1127 4052 aa.
1146 3991 1186 4050 Π.
1201 3992 1271 4052 722.
1292 3993 1329 4052 Σ.
1343 3997 1391 4050 ae.

306 4121 350 4150 =
365 4093 401 4154 et
419 4086 451 4153 e'
473 4097 509 4153 A.
527 4101 598 4154 arc.
631 4097 758 4156 11157.
788 4097 827 4153 Λ.
844 4096 915 4154 oto.
943 4097 982 4154 Ψ.
999 4099 1070 4153 one.
1114 4091 1155 4152 at
1175 4085 1244 4171 γὰρ
1268 4093 1303 4153 Β.
1319 4093 1390 4154 371.

307 4201 343 4256 A.
366 4202 434 4256 188.
453 4201 524 4256 288.
560 4198 595 4256 Η.
617 4202 686 4256 182.
711 4197 735 4254 Ι.
757 4202 827 4256 538.
851 4197 905 4274 (Π.
925 4196 986 4272 97.)
1018 4196 1053 4254 Σ.
1071 4195 1142 4254 272.
1159 4199 1231 4254 464.
1263 4195 1389 4254 Χ.340.

310 4292 579 4376 454.-··=eiycic
603 4297 725 4358 Θ.538.
757 4299 795 4356 Ν.
817 4303 887 4356 825.
923 4299 953 4356 Ρ.
973 4301 1041 4356 158.
1060 4299 1130 4356 581.
1156 4297 1191 4356 Τ.
1210 4301 1259 4354 26.
1292 4293 1391 4355 αἴκε

307 4401 345 4456 A.
366 4402 435 4456 128.
461 4399 531 4457 207.
559 4404 629 4458 420.
663 4403 700 4458 Δ.
720 4400 788 4460 170.
821 4400 857 4456 Ε.
877 4403 945 4458 128.
972 4400 1043 4458 279.
1079 4399 1112 4457 Ζ.
1131 4402 1202 4456 2611.
1225 4402 1297 4458 448.
1320 4401 1389 4456 526.
