3114 4994
823 435 885 501 126

311 596 447 673 explosit,
470 613 561 674 quare
584 613 663 652 nunc
685 592 748 651 eius
770 593 971 668 planissimam
996 593 1225 669 disputationem
1245 597 1327 653 totns
1348 611 1393 653 se-

310 677 403 779 quon
424 697 481 756 Sed
496 701 655 776 antequam
669 696 829 756 Homerica
843 697 980 773 exempla
994 715 1143 768 enumero,
1159 713 1254 772 pauca
1267 699 1394 757 monebo

310 801 346 858 de
360 800 463 858 formis
478 791 634 873 τιθήμεναι
656 799 694 854 Ψ.
708 801 757 855 83.
770 799 839 856 247.
860 791 1024 874 τιθήμεναι·
1042 798 1077 854 Κ.
1091 803 1140 870 34,
1158 818 1231 877 quas
1248 797 1394 860 Gelbkius

308 922 335 979 p.
349 907 387 960 41
405 905 436 960 et
452 900 588 959 Allenius
604 919 632 977 p.
647 903 717 958 265.
733 921 762 960 n.
774 901 813 958 47
829 902 887 959 huc
901 901 979 960 trahi
997 881 1110 962 vetant
1120 901 1178 959 rati
1197 919 1263 960 cum
1278 903 1351 961 Ahr.
1368 904 1393 962 Ι.

307 1025 336 1082 p.
351 1009 409 1064 135
427 1021 476 1062 eas
492 1003 579 1062 metri
596 1002 691 1078 gretia
706 1003 864 1078 productas
878 1021 951 1075 esse,
975 999 1086 1060 δίδωθι
1098 1023 1123 1081 γ.
1137 1007 1207 1063 380.
1240 1005 1317 1062 Nam
1334 1006 1393 1066 hoe

307 1107 427 1186 quidem
450 1106 504 1166 vix
526 1105 661 1164 excusari
688 1081 787 1180 potest
814 1105 862 1183 (of.
883 1104 997 1164 Hartel.
1019 1105 1160 1164 Zeitschr.
1182 1105 1231 1164 fiir
1253 1107 1390 1167 detreich.

307 1209 413 1286 Gymn.
436 1207 525 1266 1871.
547 1203 710 1288 petiisti).
754 1205 873 1290 Scilicet
900 1208 992 1266 verba
1019 1203 1121 1281 ἵστημι
1146 1206 1253 1283 τίθημι
1281 1207 1392 1285 δίδωμι

304 1312 453 1371 interdum
473 1310 506 1368 in
519 1311 680 1370 flexionem
695 1310 853 1369 verborum
868 1329 1009 1385 purorum
1023 1310 1194 1370 transducta
1212 1330 1277 1371 esse
1290 1331 1390 1392 neque

303 1433 370 1472 raro
394 1414 427 1470 in
444 1412 515 1470 Iade
537 1416 668 1480 constet3
691 1411 828 1487 exempla
849 1415 947 1470 autem
968 1411 1042 1470 haec
1058 1412 1237 1472 adscribam:
1258 1414 1390 1472 καθίστα

302 1516 407 1592 imper.
424 1515 448 1571 I.
463 1519 534 1573 202.
557 1523 645 1592 quem
662 1512 711 1571 alii
731 1533 770 1572 ex
787 1513 949 1572 καθίστανε
970 1533 1100 1591 apocope
1118 1514 1229 1574 factum
1243 1520 1391 1592 putarunt

303 1616 354 1675 elii
374 1607 433 1674 αἰιό
453 1615 507 1674 τοῦ
522 1612 593 1674 [στῶ
608 1607 662 1690 τὴν
680 1613 774 1674 κλίσιν
789 1608 1068 1694 παραλαμβάνοντες
1082 1617 1122 1695 (v.
1139 1616 1258 1677 Valsen.
1275 1618 1388 1696 Tryph.

301 1739 331 1795 p.
344 1718 397 1796 99)
418 1717 468 1778 vel
482 1718 644 1777 Accienses
664 1717 697 1775 in
712 1719 856 1776 auxilium
870 1723 1026 1779 vocantes:
1049 1715 1081 1776 ol
1092 1715 1210 1788 Αἰολεῖς
1227 1721 1390 1797 μιμοῦνται

301 1813 338 1878 rol
361 1818 402 1890 εἰς
424 1824 448 1878 oi
470 1815 520 1878 καὶ
542 1821 682 1878 ποιοῦσιν
704 1811 764 1879 dcl
787 1821 842 1877 τοῦ
863 1816 934 1878 [orci
954 1813 987 1879 τδ
1010 1814 1226 1900 προςταιιτιιιδν
1246 1820 1314 1881 ‘toro
1334 1819 1388 1882 καὶ

301 1919 367 1999 tom
384 1923 425 2002 (v.
444 1924 479 1982 E.
496 1921 569 1981 Gnd.
587 1927 656 1995 283,
673 1927 712 1980 40
729 1941 776 1999 ap.
792 1924 866 1982 Ahr.
882 1917 906 1981 I.
928 1941 957 1998 p.
972 1927 1041 1983 140.
1056 1944 1085 1982 n.
1101 1923 1385 2002 14)·explicuerunt‚

300 2023 368 2108 ἱστᾷ
384 2045 430 2102 ap.
445 2024 556 2083 Herod.
570 2024 622 2082 IV.
642 2030 710 2084 103.
728 2021 795 2082 lace
809 2026 850 2083 ΙΙ.
869 2031 938 2084 106.
956 2026 1009 2084 IV.
1026 2031 1075 2085 61.
1092 2026 1214 2084 κατίστα
1229 2028 1281 2087 VI.
1296 2049 1321 2088 c.
1333 2034 1384 2090 48.

299 2131 468 2206 (Rennerue
485 2128 509 2186 I.
528 2131 556 2185 2.
577 2147 606 2203 p.
623 2133 663 2186 46
686 2126 769 2186 cuins
792 2127 1022 2204 disputationem
1050 2130 1086 2187 de
1107 2130 1163 2188 hec
1188 2148 1221 2188 re
1242 2129 1386 2206 inspicias

297 2232 388 2290 velim
409 2230 492 2288 nulla
511 2229 629 2290 invenit
650 2229 788 2305 'exempla
804 2231 881 2307 apud
898 2230 1061 2288 Homerum
1081 2235 1111 2290 et
1127 2232 1284 2311 elegiacos)
1307 2227 1384 2292 duo·

297 2325 509 2400 ιιαθισιάοντες
536 2331 569 2389 in
595 2331 639 2391 tit.
663 2332 770 2408 Delph.
791 2332 861 2405 407,
882 2337 923 2390 20
951 2351 997 2408 ap.
1025 2333 1170 2393 Weecher
1196 2339 1227 2394 et
1253 2336 1384 2398 Iloucart

298 2436 338 2514 (v.
358 2437 437 2496 (lurt.
457 2438 512 2494 aot.
532 2454 589 2494 soc.
606 2454 635 2511 p.
650 2433 725 2512 228)
747 2439 837 2512 atqua
858 2438 988 2510 apertam
1010 2435 1136 2495 formam
1158 2432 1324 2516 ιιροθέοασι
1338 2465 1385 2491 a

296 2541 465 2616 προτιθεῖσι
480 2537 518 2593 A.
535 2541 605 2595 291.
628 2537 664 2595 de
687 2556 746 2616 qua
760 2535 882 2596 videndi
905 2541 975 2596 sunt
995 2537 1193 2598 Buttmannus
1214 2541 1247 2598 in
1268 2561 1311 2616 gr.
1331 2543 1381 2602 Gr.

297 2662 326 2702 v.
342 2642 366 2700 I.
390 2639 502 2717 5106.
525 2658 554 2696 n.
571 2643 598 2695 9.
622 2658 651 2714 p.
667 2643 737 2697 499.
772 2637 970 2713 Goettlingius
993 2641 1029 2699 de
1050 2660 1109 2699 aec.
1132 2663 1160 2718 p.
1180 2643 1228 2701 73.
1260 2643 1381 2708 curtius

299 2745 336 2802 de
355 2743 448 2804 verbo
466 2760 495 2816 p.
511 2744 572 2797 213
586 2737 645 2817 ³⁸),
667 2745 701 2800 ut
720 2740 837 2819 reliqua
856 2740 1017 2802 Homerica
1036 2745 1173 2820 exempla
1192 2767 1273 2808 nnnc
1294 2751 1382 2810 omit·

296 2851 371 2918 tam,
394 2840 532 2902 διδοῦναι
549 2839 589 2899 Ω.
603 2846 663 2900 425
686 2843 851 2919 praesentis
873 2836 964 2902 διδόω
986 2845 1169 2908 infinitivum
1192 2869 1280 2928 quem
1300 2852 1381 2912 Her-

296 2965 422 3007 mannus
450 2945 486 3004 de
514 2944 684 3021 pleonasmo
712 2951 742 3005 et
769 2945 866 3022 ellipsi
894 2946 927 3003 in
950 2967 996 3023 op.
1014 2949 1038 3006 I.
1060 2969 1090 3025 p.
1107 2956 1169 3009 242
1192 2953 1294 3012 aorieti
1316 2973 1381 3014 esse

296 3049 392 3110 voluit
405 3049 550 3124 probante
565 3046 736 3123 Thierschio
752 3068 794 3123 gr.
813 3048 862 3106 Gr.
881 3047 906 3126 5.
921 3054 991 3108 230.
1005 3070 1035 3126 p.
1050 3053 1120 3112 378.
1138 3054 1264 3134 aliisque
1287 3055 1380 3134 (aliud

296 3150 399 3212 statuit
409 3150 587 3209 Knehnerus
600 3168 629 3225 p.
643 3153 713 3209 651.
728 3171 757 3210 n.
771 3148 809 3227 l),
830 3153 870 3210 M.
886 3157 984 3211 autem
999 3152 1178 3215 Schmidtius
1192 3157 1259 3216 Did.
1275 3179 1303 3235 p.
1316 3165 1379 3218 200

294 3259 376 3314 recte
398 3273 464 3312 cum
486 3249 610 3310 διδεῑναι
637 3271 676 3310 ex
696 3252 848 3331 Hesychio
876 3254 1049 3331 deprompto
1075 3276 1128 3332 pro
1158 3255 1272 3318 διδέναι
1298 3264 1380 3342 qnod

294 3356 386 3417 fluxit
407 3375 425 3414 a
446 3350 548 3429 δλδημι
569 3347 700 3429 deoperire
723 3351 781 3414 δέω
809 3355 936 3417 contulit
964 3356 1116 3436 (Aeolicus
1135 3359 1304 3423 infinitivus
1325 3365 1378 3443 qui

295 3465 342 3522 est
362 3457 440 3534 apud
461 3456 582 3515 'l’heocr
600 3463 648 3531 29,
667 3463 685 3515 9
710 3455 801 3516 δι’δαν
828 3459 917 3518 etiam
939 3461 975 3518 ad
1002 3461 1167 3536 analogiam
1193 3464 1378 3543 reliquorum

362 3613 407 3673 38)
423 3612 492 3658 Inter
509 3611 570 3658 alios
587 3611 610 3658 ei
634 3611 707 3658 fldem
725 3611 855 3671 abrogavit
871 3612 1000 3672 Rumpfius
1023 3617 1116 3672 quaest
1132 3614 1209 3663 Hom.
1226 3631 1251 3677 p.
1265 3619 1377 3670 20-24

294 3699 369 3760 paulo
387 3697 464 3744 fusius
476 3696 619 3755 disputans;
637 3702 719 3743 tamen
736 3697 797 3744 mihi
808 3712 877 3744 suam
888 3698 1115 3757 interpretationem
1127 3705 1264 3748 contortam
1275 3704 1377 3753 minime

293 3784 416 3846 probavit.
450 3781 556 3829 Maxime
572 3785 653 3828 autem
674 3782 712 3828 illi
729 3782 883 3829 offenderunt
906 3783 972 3841 quod
989 3783 1069 3830 forma
1091 3785 1284 3846 reduplicatione
1300 3794 1376 3836 caret

293 3869 358 3918 Sane
375 3861 461 3918 ἐνέδει
477 3867 542 3926 qnod
554 3865 653 3914 Curtius
665 3866 696 3913 de
712 3867 781 3915 verb.
799 3881 824 3927 p.
837 3869 886 3914 213
905 3883 951 3916 ec.
963 3869 978 3915 i.
992 3867 1021 3915 G.
1034 3869 1054 3916 1.
1075 3872 1140 3917 1195
1158 3871 1298 3921 dubitanter
1317 3888 1376 3922 eon-

292 3952 392 4015 paravit
407 3953 526 4000 incertum
538 3957 584 4012 est,
602 3952 660 4011 quia
670 3952 766 4000 litterae
783 3953 810 3999 in
824 3953 873 4000 fine
884 3953 1001 4002 videntur
1012 3954 1099 4002 deesse
1111 3954 1138 4002 in
1148 3957 1238 4017 lapide,
1255 3959 1300 4006 sed
1316 3973 1375 4008 con·

292 4040 406 4088 fidentius
422 4037 531 4086 Ionicum
548 4037 717 4098 imperfectum
735 4033 809 4100 ἕπρττ
825 4039 885 4086 Hes.
903 4039 997 4100 Theog.
1014 4055 1038 4086 v.
1051 4041 1109 4089 858.
1127 4039 1163 4105 (v.
1180 4042 1315 4092 Hermann.
1333 4059 1375 4106 op.

292 4123 336 4172 v1.
357 4127 379 4172 1.
397 4138 421 4184 p.
436 4125 491 4172 189.
508 4123 617 4170 Lobeck.
635 4123 667 4170 ad
683 4123 775 4169 Buttm.
787 4123 819 4170 11.
838 4126 939 4185 ρ.215;
958 4125 1022 4173 male
1034 4123 1199 4186 Goettlingius
1217 4123 1310 4192 ἔπρισε
1326 4143 1374 4190 pro

294 4203 389 4272 ἔπρηοε
401 4207 528 4256 Aeolicum
540 4208 649 4268 vocavit3
668 4208 698 4255 cf.
711 4203 783 4268 ἔξεσε
801 4209 826 4255 in
838 4211 891 4257 cod.
904 4207 939 4259 M.
952 4213 966 4260 3
979 4224 1024 4271 pro
1037 4205 1092 4270 ἔζεε
1103 4227 1128 4259 v.
1143 4207 1372 4278 841)--ἐπλμιρη

293 4292 472 4339 advocaverim.
