3114 4994
710 499 749 564 97

183 653 357 714 inusitatam
382 653 454 714 eatis
481 653 648 727 testificari,
678 672 727 714 eas
753 657 853 730 partas
874 672 892 712 a
913 653 1051 730 genuinis
1080 671 1155 732 qnae
1176 653 1271 714 Lach-

175 768 311 816 'mannus
340 755 520 816 distinxerat
547 757 743 832 segregandas
772 759 803 816 et
829 756 866 814 ad
894 755 1073 832 posteriores
1094 755 1273 818 Homeridas

185 876 250 918 esse
270 858 450 918 referendas.
495 857 553 924 (lui
575 857 657 918 locus
683 857 791 916 0152
814 876 881 917 eum
896 858 1014 934 fugerat
1030 877 1092 916 non
1109 859 1195 918 modo
1211 878 1273 918 non

185 961 334 1036 egregiam
357 959 594 1020 observationem
616 959 776 1020 labefactat
797 961 848 1019 sed
871 959 1055 1026 firmamento
1073 962 1135 1032 est,
1158 977 1224 1020 cnm
1240 959 1273 1019 in

183 1063 264 1122 idem
287 1063 482 1139 (Lachmanni
504 1062 624 1123 tertium
654 1067 685 1120 et
712 1061 870 1136 decimum)
898 1077 1016 1120 carmen
1044 1061 1157 1122 insidet
1183 1067 1273 1141 atque

186 1160 218 1228 Ξ.
245 1169 316 1224 265.
382 1165 440 1224 Sed
471 1164 541 1245 quia
570 1163 754 1224 moueativus
783 1163 912 1222 nominis
943 1153 1077 1242 εὐρύοπα
1107 1163 1273 1222 necessario

185 1247 340 1344 εὖρυόπαν
361 1266 464 1326 debuit
485 1265 676 1338 conformari,
707 1265 804 1326 elucet
825 1284 892 1324 eum
914 1284 953 1323 ex
974 1263 1111 1340 analogia
1139 1265 1273 1324 nomina·

185 1369 243 1430 tivi
266 1368 425 1428 admissum
447 1385 527 1438 esse;
548 1365 649 1446 itaque
672 1367 793 1426 minime
815 1366 918 1428 dubito
940 1367 1020 1426 hunc
1039 1367 1163 1426 abusum
1184 1369 1273 1444 rhap-

188 1471 327 1530 sodorum
347 1470 469 1546 ingenio
491 1470 661 1546 adsignare,
692 1469 744 1547 qui
771 1469 974 1545 flore-poesis
1002 1453 1103 1545 spicae
1130 1467 1273 1545 inclinato

185 1571 245 1630 iam
272 1577 354 1632 recta
380 1572 500 1648 linguae
527 1572 697 1648 cognitione
726 1591 760 1632 ao
788 1589 876 1632 seusu
905 1570 1040 1630 destituti
1068 1571 1193 1630 formam
1224 1569 1275 1632 vel

186 1673 344 1734 formulam
360 1693 422 1732 nou
436 1681 516 1734 recta
531 1673 719 1750 interpretati
735 1679 805 1734 sunt
816 1671 876 1749 ³⁰).
921 1671 1008 1738 Quod
1022 1677 1121 1732 autem
1136 1663 1274 1750 εὐρύοπα
1375 1745 1377 1754 1

190 1776 254 1850 Ζῆν
276 1780 321 1836 est
349 1776 438 1836 etiam
461 1776 539 1852 apud
560 1776 633 1836 Hes.
656 1775 766 1852 Theog.
789 1795 817 1836 v.
840 1778 925 1848 884„
955 1774 980 1834 si
1009 1793 1113 1836 versus
1139 1777 1220 1834 recte
1242 1791 1274 1834 se

187 1879 292 1950 habet,
315 1877 494 1954 perspicitur
515 1897 575 1957 quo
598 1883 732 1954 tempore
752 1876 804 1934 ille
826 1895 908 1937 error
930 1876 1104 1938 manaverit.

399 2063 425 2142 5.
452 2069 499 2124 12.
542 2066 594 2124 De
616 2065 779 2124 secunda
801 2042 1068 2123 declinatione.

273 2185 445 2244 Notandum
465 2184 602 2260 inprimis
624 2187 684 2256 est,
707 2202 773 2243 oum
795 2181 828 2240 in
848 2181 914 2258 ipsa
929 2181 1061 2242 flexione
1076 2180 1199 2240 Aeolica
1215 2181 1276 2240 dia·

188 2286 282 2346 lectus
304 2285 459 2362 evulgari
481 2285 694 2346 consuetudine
722 2285 971 2356 commederet,
1000 2280 1159 2342 nonnullas
1187 2301 1276 2343 voees

189 2407 229 2446 ex
250 2387 340 2448 tertia
361 2407 437 2466 quae
451 2387 541 2463 vulgo
561 2387 670 2448 dicitur
689 2386 887 2446 declinatione
902 2386 935 2445 in
952 2387 1109 2446 secundam
1126 2375 1276 2446 reductas

190 2507 271 2563 esee,
294 2489 378 2549 cuius
398 2489 523 2550 sationis
545 2488 683 2566 exempla
706 2507 781 2569 quae
802 2488 834 2546 in
846 2486 1020 2554 ,Homericis
1034 2485 1215 2546 carminibus
1228 2504 1276 2546 re-

190 2593 321 2670 perimus
341 2593 420 2654 inter
440 2591 568 2667 vestigia
589 2591 712 2652 Aeolica
733 2589 899 2650 enumerari
921 2590 1037 2649 debent.

280 2694 308 2770 1)
331 2695 390 2754 Pro
412 2693 533 2769 vulgato
556 2689 632 2771 ἔρως
646 2694 810 2754 Aeolenses
824 2691 1059 2768 pronuntiabant
1073 2685 1141 2767 ἔρος
1157 2690 1275 2766 saepius

190 2802 341 2856 servatum
367 2797 400 2854 in
427 2795 455 2854 S.
478 2796 515 2854 fr.
538 2800 588 2854 40.
612 2794 687 2873 (42.)
711 2797 760 2854 79.
785 2795 834 2852 74.
867 2793 919 2854 nbi
946 2813 1009 2852 non
1040 2793 1187 2872 adsequor
1225 2812 1277 2852 cur

189 2899 338 2974 Bergkius
352 2889 451 2975 Ἔρως
472 2898 505 2956 in
532 2897 592 2956 fine
619 2897 788 2976 reliquerit;
817 2895 983 2956 Ahreneius
1005 2900 1104 2956 autam
1125 2894 1277 2954 Aeolicam

186 3001 312 3060 formam
337 3001 498 3075 reduxerat
525 2999 566 3077 (v.
588 3000 624 3058 fr.
649 3005 698 3058 33.
720 3001 809 3071 Aha,
841 2999 878 3058 of.
900 2998 925 3058 Ι.
953 3017 981 3074 p.
1007 2994 1129 3076 12οΙ1.);
1187 2997 1277 3074 Apud

187 3102 352 3162 Homerum
374 3101 493 3180 quidem
517 3101 684 3160 Aeolismus
707 3102 743 3160 ab
766 3102 849 3160 Enst.
872 3099 913 3177 (p.
933 3104 1001 3172 136,
1019 3104 1074 3156 33:
1103 3090 1136 3157 τὸ
1154 3091 1186 3156 δὲ
1208 3094 1277 3177 ἔρον

187 3197 333 3264 Alolrao'v
354 3199 414 3262 ἐστι
435 3209 525 3284 atque
548 3205 585 3262 ab
605 3203 778 3263 Herodiano
801 3203 923 3263 Aeolica
952 3200 1071 3279 psilosis
1095 3198 1120 3277 §.
1138 3206 1166 3258 2.
1188 3199 1231 3259 Π.
1244 3199 1276 3276 6)

188 3306 297 3366 diserte
320 3307 519 3381 conprobatus
541 3310 587 3364 est
613 3311 703 3384 atque
733 3306 818 3365 libris
846 3304 1083 3374 commendatus;
1113 3302 1277 3362 rectissime

188 3428 259 3484 ergo
280 3409 437 3466 Bekkerue
458 3408 491 3466 in
513 3407 562 3468 alt.
578 3408 623 3468 ed.
640 3406 796 3483 Rumpfius
810 3408 843 3466 in
857 3407 942 3466 ialin.
959 3426 1027 3466 ann.
1042 3427 1071 3466 v.
1089 3408 1139 3464 81.
1161 3424 1189 3480 p.
1204 3408 1274 3462 586.

257 3574 300 3642 30)
317 3577 355 3623 Ne
373 3577 435 3624 sorte
448 3575 530 3623 multis
540 3577 670 3636 quicquam
687 3577 761 3636 plane
778 3576 873 3624 insoliti
891 3580 916 3624 et
933 3575 1035 3622 inauditi
1053 3573 1220 3633 adsumpsisse
1238 3572 1275 3619 vi-'

188 3661 249 3708 dean
266 3673 398 3720 eorumque
415 3661 441 3708 iu
464 3662 557 3709 crimen
580 3663 716 3721 incurram,
743 3661 821 3709 simile
839 3661 962 3718 ,iudicium
986 3659 1051 3718 quod
1075 3657 1105 3704 G.
1124 3655 1222 3704 Curtius
1244 3655 1275 3704 de

188 3745 259 3794 verb.
276 3759 300 3806 p.
314 3743 388 3811 lello
400 3746 429 3794 de
441 3751 497 3794 tert.
510 3761 576 3807 pers.
588 3749 652 3795 daal.
666 3747 763 3807 imperf.
781 3748 867 3794 formis
884 3740 1004 3798 διώκετον
1022 3741 1054 3793 Κ.
1069 3743 1125 3790 363.
1145 3735 1275 3806 ἐτεύχετον

187 3828 223 3882 N.
237 3833 294 3881 ³46.
312 3827 469 3895 λαφύσσετον
487 3830 523 3882 Σ.
537 3817 586 3880 683
605 3831 640 3896 (v.
660 3833 837 3880 Friedlaender
848 3832 923 3880 Arist.
942 3846 966 3891 p.
978 3833 1002 3878 l..
1021 3845 1044 3876 n.
1059 3826 1095 3890 1.)
1108 3826 1217 3886 protulit,
1236 3825 1276 3872 hio

189 3918 259 3964 iuvat
276 3918 435 3978 adscripisse:
455 3920 587 3978 „erwdgen
604 3918 650 3964 wir
666 3943 699 3952 —-
719 3917 776 3978 dass
789 3917 849 3978 jene
868 3920 883 3965 3
902 3916 980 3963 Verse
998 3915 1050 3962 sich
1066 3912 1093 3962 in
1111 3895 1215 3980 Tlieilen
1233 3909 1276 3956 der

189 4003 250 4050 Ilias
267 4003 364 4061 finden,
383 4003 421 4050 die
440 4003 569 4052 sicherlich
587 4002 655 4049 nicht
672 4017 703 4048 zu
721 4003 768 4049 den
787 4003 891 4049 altesten
908 3992 1031 4062 gahaban,
1049 3997 1075 4044 in
1089 3996 1133 4044 der
1144 3994 1274 4052 Dolonem,

188 4085 223 4134 im
241 4085 324 4134 Schild
336 4082 384 4135 ¹das
396 4088 476 4136 Achill
494 4089 545 4134 und
562 4087 587 4134 in
606 4087 674 4134 einer
691 4077 774 4146 Stella,
793 4088 832 4134 die
850 4085 950 4132 Bekker
967 4083 1035 4130 nieht
1052 4082 1116 4132 ohne
1134 4079 1220 4127 Grnnd
1238 4079 1276 4128 als

188 4171 360 4220 Einsohiebsel
377 4171 530 4231 betrachtet,
548 4187 575 4220 so
593 4171 655 4220 wird
671 4185 729 4218 man
747 4171 799 4219 sich
817 4157 892 4218 dalila
909 4169 1013 4228 nagan,
1032 4169 1084 4215 die
1102 4163 1275 4212 Anomalie

189 4257 366 4306 nusssciner
388 4255 577 4319 V-erirrnng
602 4258 659 4306 des
689 4253 956 4318 Sprachget'llhls
980 4253 1032 4302 bel
1055 4253 1115 4301 den
1141 4253 1275 4312 spatern

189 4343 387 4405 Rhapsoden
403 4359 442 4392 *uu
460 4345 643 4394 erklltren‘*

1052 4425 1068 4484 7
