3092 4996
815 501 835 566 8

281 677 378 732 nugae
401 662 477 718 sont.
500 688 541 700 --
573 657 635 716 Alii
657 662 762 718 contra
785 658 848 719 sive
868 658 1002 732 linguam
1016 657 1096 716 inter
1111 661 1173 716 tres
1194 657 1370 734 praecipuas

282 765 397 838 partes,
419 759 578 831 „Doricam
595 760 657 820 sive
672 756 841 820 Aeolicam''
858 760 992 819 Ionicam
1008 761 1139 818 Atticam
1154 758 1371 818 distribuerunt

282 861 523 938 Maittairius34)
541 862 760 940 Piersonus³⁵)
777 860 1016 938 Harlessins³⁶),
1035 861 1099 922 sive
1113 861 1193 920 inter
1206 861 1287 933 duas,
1309 861 1370 918 Do-

281 963 374 1022 ricam
398 968 429 1022 et
449 962 584 1022 Ionicam
605 964 857 1041 Hermannus³l)
882 963 1077 1039 suuziusat)
1098 964 1298 1022 Buttmannus
1310 960 1369 1038 ³⁹),

281 1065 410 1124 Doricae
433 1065 559 1125 dialecto
582 1065 711 1143 palmam
733 1065 921 1144 antiquitatis
937 1065 1108 1124 tribuerunt
1123 1065 1320 1125 Iamblichum
1338 1064 1371 1122 in

207 1189 212 1194 ·
283 1167 345 1226 vit.
373 1167 501 1244 Pythag.
528 1186 551 1227 c.
576 1173 614 1227 34
643 1167 813 1243 secuti⁴⁰):
847 1158 1094 1245 ὁμολογουμένως
1123 1166 1178 1244 (sio
1205 1187 1260 1243 pro
1289 1165 1370 1239 vulg.

283 1288 389 1344 -μενον
407 1270 606 1345 Kiesslingius
630 1290 696 1330 cum
714 1269 843 1348 Kcenio)
865 1263 896 1328 δὲ
921 1263 960 1328 δι’
989 1265 1128 1346 ἑκατέρας
1151 1269 1211 1328 τῶν
1234 1267 1372 1344 ἱστοριῶν

283 1367 467 1449 συνάγεσθαι
490 1365 523 1431 cd
553 1365 759 1450 πρεσβυτάτην
789 1363 863 1429 εἶναι
890 1373 950 1430 τῶν
976 1367 1133 1429 διαλέκτων
1160 1364 1214 1446 τήν
1237 1367 1370 1446 Δωρίδα,

284 1463 357 1547 μετά
374 1468 407 1531 δὲ
423 1467 533 1549 ταύτην
545 1471 683 1553 γενέσθαι
697 1465 752 1548 τὴν
763 1471 889 1532 Αἰολίδα
900 1473 913 1512 4
923 1475 950 1552 ¹)
958 1495 965 1544 ;
988 1473 1122 1532 Sturzius
1135 1473 1208 1532 adeo
1220 1473 1372 1533 Aeolicam

282 1580 352 1653 post
365 1575 560 1655 longinquam
576 1577 693 1634 demum
705 1577 914 1651 migrationem
927 1575 959 1634 in
975 1574 1049 1633 Asia
1062 1580 1163 1634 natam
1177 1580 1208 1634 et
1224 1576 1372 1635 excultam

285 1697 350 1736 esse
366 1697 432 1736 cum
449 1679 592 1738 Salmasio
608 1683 770 1756 acceperat,
794 1680 841 1738 cui
857 1699 910 1737 sno
925 1678 990 1736 iure
1007 1677 1124 1736 Giesius
1140 1679 1312 1739 adversatus
1328 1684 1373 1736 est

285 1798 314 1854 p.
328 1785 376 1839 62.
395 1785 444 1839 68.
482 1781 541 1840 Ilio
556 1781 670 1840 scilicet
683 1781 804 1854 linguae
818 1779 989 1854 Pelasgicos
1006 1780 1039 1837 in
1053 1780 1268 1839 Hellenismnm
1285 1800 1373 1860 quem

286 1880 364 1941 dixit
375 1881 415 1958 (p.
428 1882 477 1942 73.
495 1882 564 1961 132)
581 1884 781 1942 conformatae
795 1884 867 1942 duas
883 1887 995 1940 aetates
1010 1883 1118 1959 posuit,
1143 1901 1267 1962 quarum
1279 1881 1373 1960 priori

285 1989 355 2044 ante
381 1985 608 2068 Heraclidarum
634 1984 762 2043 reditum
787 1985 953 2044 Ionismum
981 1984 1151 2043 Dorismum
1180 1985 1370 2056 Aeolismnm,

285 2087 372 2145 alteri
401 2088 563 2147 historicae
592 2091 733 2166 quattuor
760 2087 900 2146 dialectos
924 2087 1055 2145 Atticam
1078 2086 1211 2145 Ionicam
1233 2086 1373 2144 Doricam

284 2189 439 2248 Aeolicam
468 2211 506 2250 ex
533 2190 594 2249 illis
621 2195 799 2268 propagatas
827 2188 945 2248 tribuit:
976 2189 1028 2247 sed
1059 2188 1194 2268 quamvis
1218 2188 1284 2263 ipse
1312 2193 1373 2246 tres

284 2292 423 2351 notiones
444 2313 603 2352 recensens
624 2315 653 2370 p.
671 2292 742 2350 370.
760 2271 821 2349 2οἑ
838 2291 1097 2365 grammaticorum
1115 2291 1151 2349 de
1168 2290 1273 2367 psilosi
1290 2290 1374 2349 testi-

286 2394 396 2453 moniis
418 2401 536 2455 coactus
561 2400 591 2454 et
611 2395 643 2453 in
665 2393 884 2454 Aeolismcrum
899 2394 1127 2452 Homericcrum
1151 2392 1374 2452 enumeratione

285 2496 327 2574 (p.
346 2497 419 2576 196)
444 2497 539 2556 solum
554 2497 717 2556 Asiaticam
734 2495 893 2554 dialectum
913 2494 1125 2567 intellexisset,
1154 2495 1308 2554 Strabonis
1324 2496 1374 2553 da-

287 2599 454 2658 finitionem
477 2599 615 2677 amplecti
637 2604 667 2657 et
683 2597 826 2656 Aeolismi
844 2596 944 2673 plures
961 2598 1075 2674 species
1093 2597 1198 2656 maluit
1215 2616 1375 2670 agnoscere

289 2720 318 2777 p.
335 2705 402 2759 144.
418 2705 487 2760 149.
511 2701 551 2778 (v.
563 2701 693 2759 Boeckh.
707 2700 745 2757 ad
758 2719 782 2756 c.
795 2700 814 2756 i.
830 2719 857 2772 g.
870 2700 895 2757 I.
908 2699 992 2776 717.)
1022 2700 1139 2758 Primus
1153 2699 1248 2773 igitur
1258 2701 1377 2758 Ahren-

291 2801 351 2860 sius
367 2803 513 2862 Strabone
535 2803 664 2862 refutato
689 2800 895 2880 tralaticiaque
913 2806 1053 2879 quattuor
1075 2801 1268 2860 dialectorum
1285 2800 1377 2877 parti-

290 2903 374 2964 tione
384 2905 476 2964 missa
486 2905 660 2984 perplexum
672 2924 810 2964 acervum
822 2904 1011 2963 Aeolicarum
1022 2903 1175 2975 deminuit,
1198 2923 1263 2962 cum
1274 2903 1377 2961 Eleam

292 3011 323 3065 et
337 3009 513 3067 Arcadicam
531 3027 585 3085 pro
605 3007 804 3084 peculiaribus
821 3008 958 3077 haberet,
982 3006 1075 3065 solnm
1093 3005 1286 3067 Aeolensium
1301 3006 1377 3064 Boe-

293 3115 411 3168 otorum
433 3109 643 3169 Thessalorum
666 3109 818 3168 Aeolicam
846 3109 1004 3167 dialectum
1032 3113 1153 3169 vocaret
1182 3106 1377 3186 stirpiumque

291 3211 420 3270 mediam
439 3212 592 3271 Graeciam
610 3212 824 3285 habitantium,
847 3231 908 3270 non
926 3231 1034 3284 genere
1055 3210 1174 3289 quidem
1192 3209 1377 3280 Doricarum,

293 3313 434 3372 aDoride
448 3335 509 3374 non
521 3315 730 3388 distingueret3
752 3315 861 3376 vellem
877 3321 975 3372 tamen
989 3312 1048 3370 hoo
1060 3312 1096 3369 de
1107 3312 1249 3372 Boeotica
1260 3331 1378 3390 quoque

294 3416 446 3474 statuisset
467 3417 544 3476 sicut
566 3418 626 3476 iam
652 3417 809 3476 Gedickius
831 3414 889 3475 11.
911 3435 940 3490 p.
960 3417 996 3470 18
1023 3412 1149 3470 Boeotos
1174 3420 1289 3473 mature
1312 3433 1379 3472 cum

293 3518 425 3578 Doribus
441 3519 588 3579 artissime
605 3519 748 3578 coaluisse
765 3519 929 3577 censuerat.
966 3513 1023 3572 Sed
1038 3505 1078 3572 ⁴ne
1094 3533 1129 3572 ea
1144 3515 1263 3594 quidem
1278 3514 1379 3593 opinio

364 3675 396 3720 34
425 3672 456 3720 de
473 3673 531 3719 dial.
550 3673 568 3719 l.
587 3671 673 3718 Graec.
692 3685 716 3730 p.
729 3669 808 3715 XXX.
826 3665 931 3714 XXXII.

364 3761 396 3806 35
426 3759 457 3807 ad
474 3758 569 3805 Moerin
586 3772 611 3816 p.
624 3756 715 3802 XXVI.
834 3751 878 3815 36)
896 3766 934 3811 ap.
953 3750 1050 3798 Fabrio.
1069 3751 1114 3797 VI.
1131 3765 1155 3810 p.
1170 3753 1227 3800 tat.

364 3758 408 3906 ³⁷l
426 3844 457 3889 de
475 3842 561 3890 Graec.
578 3843 677 3900 linguae
696 3840 752 3885 dial.
770 3839 795 3884 in
814 3852 897 3898 opusc.
914 3838 934 3883 I.
953 3851 978 3896 p.
992 3839 1038 3883 131
1053 3851 1090 3895 sq.

365 3926 408 3988 38)
426 3942 466 3988 ap.
483 3927 599 3974 MaittaIr.
617 3941 641 3986 p.
651 3922 780 3981 XXXHL,
797 3924 827 3970 da
845 3923 902 3969 dIaI.
919 3922 1014 3969 Maced.
1031 3937 1055 3982 p.
1069 3924 1109 3969 12.

308 4045 310 4052 ›
366 4008 410 4076 39)
427 4013 452 4060 ἰο
469 4027 571 4072 gramm.
590 4010 632 4057 Gr.
650 4009 724 4069 ampl.
741 4009 765 4070 ξ.
780 4013 802 4054 1.
818 4022 843 4066 p.
859 4011 880 4055 1.

365 4096 409 4162 40)
427 4099 558 4144 laudarunt
574 4111 630 4144 eum
648 4094 757 4141 sturnus
775 4108 813 4153 ap.
832 4094 910 4140 Maitt.
928 4091 1043 4138 XXXIV.
1062 4095 1087 4137 et
1105 4089 1202 4138 Glesius
1219 4105 1243 4150 p.
1258 4090 1299 4138 65.

364 4181 409 4246 41)
426 4183 586 4231 Iumbhohum
598 4180 699 4226 Hesiodi
716 4179 826 4225 ordInem
844 4179 886 4237 qui
902 4178 918 4224 1.
931 4178 948 4222 I.
965 4176 1030 4222 inter
1046 4177 1110 4222 fillos
1121 4176 1234 4224 HellenIs
1244 4177 1340 4224 Dorum
1354 4175 1381 4221 in

297 4268 377 4328 prImc
393 4269 448 4316 loco
465 4267 555 4329 posuit,
572 4266 710 4326 respsrdssa
726 4263 830 4312 coniecit
846 4263 968 4322 BorgkIus
985 4262 1011 4308 in
1028 4261 1085 4310 hist.
1101 4262 1148 4309 lio.
1165 4261 1252 4310 Graec.
1264 4262 1284 4310 1.
1299 4275 1325 4322 p.
1339 4261 1379 4318 64,

297 4369 322 4403 n.
335 4356 375 4402 10.
