3092 4996
707 543 727 586 υ

174 676 347 756 Soettling.)
366 679 539 756 adposuisse
555 679 679 751 iuvabit,
703 697 761 756 quo
778 678 892 736 eluceat
907 697 974 737 eum
990 678 1066 737 nihil
1082 679 1161 737 aliud
1173 699 1261 758 quam

168 780 334 858 mythicam
357 780 562 856 genealogiam
585 781 622 839 ad
643 780 764 854 linguae
786 785 886 856 partes
908 781 1079 856 adaptasse:

469 882 595 941 Hesiodi
989 883 1168 941 Dicaearchi

198 976 328 1048 Ἕλληνος
346 979 369 1034 δ’
387 979 500 1046 ἐγένοντο
517 981 695 1046 θεμιστοπόλοι
713 981 835 1050 βασιλῆες
918 975 1049 1046 Ἕλληνες
1072 979 1116 1047 μὲν
1139 976 1188 1046 γάρ
1213 978 1263 1032 εἰσι
1291 978 1293 984 '

172 1063 262 1130 Δῶρός
279 1083 307 1118 τε
326 1061 427 1124 Esther
443 1083 472 1117 τε
490 1063 534 1117 καὶ
553 1065 639 1126 Αἴολος
656 1063 835 1134 ἱππιοχάρμης.
889 1067 926 1134 τῷ
946 1065 1012 1132 γένει
1030 1065 1075 1118 καὶ
1091 1070 1148 1124 ταῖς
1164 1069 1262 1130 φωναῖς

172 1149 288 1203 Αἰολίδαι
300 1147 322 1204 δ’
341 1149 452 1216 ἐγένοντο
470 1147 648 1216 representa
667 1152 789 1220 βασιλῆες
892 1148 1074 1214 ἑλληνίζουσιν,
1099 1144 1145 1215 ἀφ’
1163 1144 1262 1213 Ἕλλη-

171 1233 296 1300 Κρηθεὺς
314 1230 357 1300 ἠδ’
374 1229 493 1300 Ἀθάμας
510 1233 554 1287 καλ
573 1235 689 1302 Σίσυφος
709 1234 865 1302 αἰολομήτης
894 1253 947 1294 νος
974 1229 1106 1299 Ἀθηναῖοι
1123 1231 1153 1287 δὲ
1170 1233 1193 1286 οἱ
1214 1230 1261 1298 τήν

171 1315 332 1384 Σαλμωνεύς
349 1313 371 1370 τ’
389 1311 478 1379 ἄδικος
496 1317 539 1372 καλ
555 1315 699 1387 ὑπέρθυμος
710 1319 853 1388 Περιήρης,
888 1313 1007 1385 Ἀττικήν
1020 1313 1258 1379 κατοικοῦντεςἈτ-

887 1403 954 1456 srael
979 1403 1024 1469 μέν
1050 1403 1100 1456 εἰσι
1122 1403 1160 1472 τῷ
1184 1401 1271 1470 γένευ,

888 1494 945 1548 ταῖς
962 1485 992 1542 a
1008 1488 1148 1547 διαλέκτοις
1165 1484 1260 1540 ἀττικί-

891 1576 972 1634 ζουσιν
991 1566 1077 1639 ὅσπερ
1090 1575 1196 1637 Δωριεῖς
1215 1572 1260 1638 μὲν

890 1658 913 1710 οἱ
939 1653 988 1711 aaa
1015 1655 1103 1724 Δώρου
1126 1658 1159 1726 τῇ
1184 1659 1260 1726 φωνῇ

888 1741 1049 1808 δωρίζουσιν·
1076 1741 1212 1804 αἰολίζσυσι
1230 1741 1261 1797 δὲ

889 1829 911 1880 οἱ
927 1821 978 1880 α’πὸ
993 1825 1094 1887 Αἰόλου,
1114 1825 1213 1890 litones
1231 1825 1261 1881 δὲ

889 1911 912 1965 ol
937 1905 987 1964 ἀπὸ
1008 1905 1101 1972 Ἴωνος
1125 1912 1169 1964 τοῦ
1197 1907 1259 1964 Ξού-

890 1997 935 2050 hon
953 1993 1052 2062 φύντες.

166 2088 346 2148 Dicaearchi
368 2088 487 2168 quidem
504 2090 603 2148 locum
623 2091 733 2167 optime
750 2089 867 2148 Giesius
883 2109 912 2165 p.
932 2090 969 2148 57
983 2108 1027 2167 sq.
1046 2096 1259 2151 commentatus

168 2194 216 2248 est
236 2207 271 2248 ac
290 2191 421 2248 Duhrius
441 2212 471 2268 p.
489 2196 670 2250 ase-388
695 2191 766 2252 satis
790 2191 969 2268 scriptorum
992 2192 1172 2252 testimoniis
1191 2193 1258 2252 illu-

166 2291 285 2352 stravit.
321 2291 441 2352 Scilicet
453 2312 519 2352 cum
531 2299 635 2353 contra
645 2294 845 2352 Athenienses
856 2293 1022 2371 disputaret
1033 2295 1084 2374 qui
1099 2295 1259 2368 genuinam

163 2395 302 2468 linguam
320 2394 508 2454 Hellenicam
527 2394 583 2454 sibi
600 2396 787 2472 potissimum
809 2396 977 2455 adscribere
995 2396 1133 2469 solerent,
1156 2417 1259 2456 eorum

164 2503 288 2572 gentem
312 2502 343 2556 et
362 2496 496 2571 linguam
518 2497 615 2556 tribus
637 2517 712 2578 quae
737 2497 849 2578 alioqui
867 2497 1127 2572 distinguebantur
1147 2497 1259 2558 sicuta

164 2599 333 2659 Menandro
348 2604 378 2659 et
388 2599 547 2659 Heraclide
558 2599 683 2660 Pontico
694 2601 743 2678 Μλ
758 2601 855 2659 Dores
870 2600 978 2660 Aeoles
994 2601 1091 2672 Iones,
1109 2599 1256 2662 adiunxit.

164 2703 273 2768 Strabo
292 2700 386 2775 igitur
405 2701 486 2760 utin
501 2702 613 2780 mythis
631 2701 746 2762 nomini
761 2702 849 2762 Aeoli
864 2703 974 2776 singuli
991 2704 1097 2762 heroes
1113 2703 1256 2762 Cretheus

164 2805 311 2863 Athamas
332 2804 478 2882 Sisyphus
494 2803 668 2863 Salmoneus
686 2805 821 2866 Perieres
846 2806 895 2886 qui
913 2805 987 2865 Iolci
1003 2806 1181 2865 Orchomeni
1201 2807 1255 2866 Oo-

164 2906 262 2965 rinthi
283 2906 315 2964 in
332 2907 419 2966 Elide
437 2907 470 2964 in
486 2907 635 2966 Messenia
654 2908 831 2967 dicebantur
847 2927 1002 2982 regnasse,
1026 2907 1133 2987 quibus
1151 2912 1256 2984 postea

165 3006 218 3066 alii
229 3008 490 3085 addebanturlll,
514 3009 640 3070 subnexi
656 3015 733 3083 sunt,
756 3010 915 3071 siccarum
930 3009 1063 3084 gentium
1078 3029 1154 3090 quae
1170 3015 1256 3070 extra

167 3114 198 3168 et
218 3110 299 3170 intra
322 3111 466 3170 isthmum
490 3131 551 3170 non
574 3112 611 3170 ad
632 3111 727 3170 Dores
746 3113 836 3172 Iones
855 3111 1032 3192 Atticosque
1052 3111 1253 3191 pertinebant,

165 3210 284 3285 linguas
311 3212 381 3272 inde
409 3213 571 3290 adpellavit
600 3213 758 3273 dialectum
778 3214 931 3273 Aeolicam
960 3233 1034 3293 quae
1063 3214 1136 3273 item
1164 3219 1254 3293 atque

167 3312 279 3370 Aeolns
298 3313 378 3374 inter
392 3316 529 3374 Hellenis
551 3315 691 3394 fflios2l)
711 3316 917 3394 antiquissima
936 3317 1120 3376 credebatur.
1163 3318 1254 3377 Prae-
1283 3325 1288 3334 '

167 3417 251 3470 terea
268 3415 346 3474 enim
362 3419 541 3477 monendum
560 3422 618 3492 est,
642 3419 721 3497 quod
735 3418 865 3477 Fuhrius
881 3440 910 3496 p.
927 3423 998 3480 395.
1015 3424 1085 3479 391.
1101 3424 1183 3479 recte
1202 3420 1252 3478 ad·

145 3587 149 3596 .
166 3515 285 3574 notavit
297 3516 361 3594 ipse
374 3519 527 3579 Strabonis
539 3541 599 3580 non
618 3520 772 3592 inmemor,
794 3519 1009 3580 Dicaearchum
1022 3521 1087 3581 loco
1101 3521 1152 3600 qui
1163 3521 1252 3597 paulo

166 3622 236 3692 post
253 3617 371 3692 legitur,
394 3638 460 3680 cum
477 3623 619 3700 Euripide
638 3621 871 3682 consentientem
888 3628 919 3682 et
930 3623 1044 3682 Dorum
1060 3629 1091 3682 et
1106 3624 1251 3698 Xuthum,

165 3719 280 3779 Achaei
304 3724 335 3780 et
355 3721 439 3779 Ionis
461 3729 589 3799 patrem,
620 3745 681 3784 non
701 3724 838 3783 Hellenis
861 3725 913 3784 sed
933 3727 1020 3785 Aeoli
1044 3725 1122 3784 filios
1144 3725 1251 3785 fecisse

166 3839 290 3902 eamque
312 3825 350 3882 ob
369 3843 434 3882 rem
448 3824 544 3884 Dores
561 3826 649 3885 Iones
667 3829 800 3886 Achaeos
823 3845 889 3886 eum
909 3827 1106 3886 Aeolensibus
1128 3847 1270 3904 compre·-

164 3923 275 3984 hensos
302 3926 339 3985 ab
363 3927 457 3986 Aeolo
483 3927 654 4002 deduxisse,
684 3928 813 3988 maxime
837 3921 973 3988 Achaeos
995 3929 1136 3988 Aeolicae
1165 3929 1251 4008 stirpi

165 4025 364 4101 adcensnisse,
386 4032 466 4090 unde
485 4028 652 4107 explicatur
673 4031 697 4088 si
715 4032 821 4090 Strabo
840 4051 890 4091 eos
915 4031 966 4111 qui
981 4031 1114 4092 Hesiodo
1136 4037 1167 4092 et
1183 4031 1250 4092 aliis

234 4195 278 4260 25)
296 4213 320 4244 v.
339 4199 425 4246 Dubrii
442 4200 458 4246 1.
476 4215 500 4260 p.
515 4201 572 4249 388.
586 4199 643 4248 396.
679 4201 783 4249 Abrens.
801 4202 821 4248 1.
841 4217 864 4262 p.
877 4203 899 4250 2.

233 4279 277 4347 26)
294 4283 369 4332 Febr.
387 4299 411 4345 p.
425 4287 483 4334 395.

233 4365 277 4430 27)
295 4369 325 4416 ef.
345 4371 425 4418 locum
442 4371 524 4419 Photii
542 4386 555 4420 c
573 4371 631 4420 bibl.
649 4373 671 4419 1.
691 4373 739 4422 135
758 4387 773 4420 a
790 4373 882 4421 Fuhrio
901 4387 925 4434 p.
939 4374 987 4422 381
1001 4387 1036 4432 sq.
1055 4372 1170 4422 adlatum.
