3092 4996
678 493 721 556 63

156 651 235 726 θρνν
248 643 395 726 δέρεθρον
410 647 497 725 (aar.
513 649 537 708 Ι.
555 667 584 723 p.
597 651 667 706 232.
692 647 779 706 Ourt..
790 647 823 705 in
838 647 923 706 lehn.
940 665 1009 706 ann.
1023 667 1053 706 v.
1070 651 1118 706 83.
1135 645 1245 726 (leel)

157 770 185 826 p.
203 754 278 823 591,
300 755 339 810 et
358 769 387 828 p.
402 754 473 828 433,
502 751 535 808 in
557 769 660 809 comm.
683 769 759 830 quac
780 749 860 808 inest
881 748 953 808 actis
974 767 1034 808 soc.
1055 749 1113 808 litt.
1135 749 1244 810 Saxon.

160 851 212 912 vol.
227 852 313 912 XVI.
337 852 462 929 (lcea):
492 853 566 911 iiber
591 851 640 912 dic
662 851 808 928 Spaltrmg
835 851 887 910 des
907 849 1085 924 A·Lentes‚
1113 853 1172 911 tub.
1191 852 1244 912 IV.

156 953 188 1012 B.
200 960 228 1014 4.
245 973 275 1031 p.
291 954 348 1030 39)
363 974 420 1030 pra
431 954 523 1014 Attic.
538 958 571 1012 et
585 952 666 1030 vulg.
684 945 844 1031 βάραθρον
858 952 914 1029 (π
925 951 975 1012 lut.
992 954 1121 1031 gurges),
1143 953 1244 1012 Aeoli·

157 1075 217 1114 cam
239 1075 344 1131 sapere
364 1055 497 1116 indolem
523 1057 695 1133 probemum
725 1055 898 1114 Herodotus
919 1053 1031 1114 scilicet
1049 1054 1117 1114 VII.
1141 1074 1164 1115 c.
1184 1060 1243 1113 133

156 1157 244 1217 habet
259 1148 427 1236 βάραθρον.
471 1158 581 1217 Tamen
600 1154 724 1234 βέλεμνα
740 1157 788 1234 (0.
805 1161 877 1217 484.
893 1161 964 1216 489.
985 1155 1024 1214 Χ.
1041 1161 1101 1214 206
1124 1157 1157 1215 in
1172 1156 1243 1234 fine)

151 1261 234 1336 quod
260 1259 414 1320 descendit
439 1279 459 1318 a
486 1252 584 1334 βάλλω
615 1259 707 1336 (Cart.
732 1264 771 1319 et.
794 1280 823 1337 p.
840 1260 915 1336 433)
945 1259 1069 1333 vulgare
1095 1263 1142 1317 est
1168 1257 1245 1318 deut

155 1355 254 1436 βέλος,
285 1381 385 1441 neque
406 1381 532 1441 usquam
553 1353 706 1436 βᾶλαμνοκ
726 1362 851 1437 legitur,
883 1361 920 1421 cf.
941 1362 1049 1420 Aesch.
1075 1362 1132 1436 Ag.
1156 1363 1244 1419 1496.

150 1467 254 1536 Δ1520,
277 1465 350 1522 Eur.
368 1464 510 1524 Androm.
531 1483 561 1523 v.
581 1468 670 1523 1136.
790 1469 793 1476 ’

239 1567 272 1644 4)
294 1566 444 1626 Converte
466 1583 513 1622 me
529 1565 566 1624 ad
582 1566 716 1642 praefixa
731 1558 796 1642 ἀρι-
813 1570 844 1624 et
862 1561 917 1642 dot·
938 1583 1015 1644 quae
1030 1564 1245 1624 adiectivcnum

156 1665 368 1741 significationi
379 1666 595 1729 incrementum
614 1668 728 1728 addunt
743 1666 793 1743 (of.
807 1667 897 1726 sohel.
913 1666 951 1724 Κ.
962 1671 1042 1726 805:
1064 1657 1098 1725 sd
1115 1661 1173 1744 ἐρι-
1188 1657 1245 1746 yolo

157 1760 263 1847 μόριον
285 1765 336 1828 ἐπὶ
358 1768 411 1827 τοῦ
433 1761 561 1844 μεγάλου
582 1768 696 1829 aleam
719 1761 760 1840 ῶς
781 1764 832 1830 καὶ
854 1769 908 1841 ξω,
933 1768 1065 1846 Hesych.
1088 1764 1132 1847 ἔρὶ
1155 1762 1242 1841 πολύ,

156 1865 238 1949 μέγα,
262 1863 385 1948 ἰσχυρὸν
405 1876 437 1930 et
457 1863 511 1946 dot
533 1863 675 1949 μεγάλως)
698 1873 777 1948 apud
794 1871 958 1930 Homerum
982 1869 1112 1930 invicem
1135 1870 1244 1946 saepis

155 1971 228 2032 sime
249 1973 369 2033 usitata
414 1972 575 2037 Quaeritur
589 1974 672 2032 enim
695 1973 790 2052 qualis
807 1992 910 2034 eorum
928 1972 968 2032 sit
982 1971 1144 2032 distinctio.
1186 1971 1245 2034 Rc·

155 2074 285 2135 ctissime
307 2081 408 2134 eutem
429 2077 465 2142 de
488 2094 524 2133 ea
543 2083 688 2155 quantum
710 2076 796 2136 video
818 2074 966 2152 Didymus
985 2073 1137 2146 iudicavit,
1161 2073 1245 2134 cuius

152 2193 174 2232 e
192 2175 280 2238 libris
301 2173 369 2256 περὶ
391 2177 503 2235 παθῶν
524 2177 729 2236 Herodianum
749 2178 783 2236 iu
804 2179 838 2235 E.
856 2178 897 2236 M.
916 2180 984 2249 148,
1006 2180 1023 2234 8
1047 2174 1092 2251 (π.
1111 2180 1187 2234 aad.
1203 2175 1244 2234 II.

160 2277 225 2338 147.
249 2279 369 2356 Lenta)
391 2279 523 2340 hausisse
543 2281 583 2338 M.
603 2279 783 2338 Schmidtius
804 2300 833 2355 p.
851 2283 912 2337 344
933 2277 1098 2338 intellexit:
1119 2268 1245 2355 ἁρπεδό-

158 2393 225 2437 acea
246 2373 267 2457 ἡ
288 2371 367 2459 dyas
388 2373 494 2458 πεδινὴ
516 2372 593 2440 κακῶ
620 2373 774 2460 curcensis
804 2373 885 2458 maed
906 2372 940 2438 rc*
970 2370 1033 2457 ἆρι-
1056 2375 1243 2458 συγκειμένη.

158 2476 294 2542 πέπονθε
316 2479 359 2554 δέ,
381 2479 430 2542 ἵνα
447 2482 622 2558 enodamus
649 2475 666 2559 'l
687 2474 763 2562 ὅὶγαν
778 2473 873 2559 ducta}
892 2475 979 2551 ὁδός·
1000 2473 1076 2542 ddcd
1092 2474 1148 2561 yde
1167 2479 1246 2542 ἔστιν

159 2579 313 2646 ἐπίθετον·
336 2581 473 2644 πέπονθε
491 2579 523 2644 δὲ
538 2577 651 2660 ὁμοίως
667 2587 707 2667 τῶ
725 2583 849 2664 ἕρθνρις
862 2581 1021 2657 Αἰνλικῶς,
1038 2581 1175 2663 ἐρίθνρις
1189 2578 1244 2664 yslo

143 2676 178 2762 ἡ
199 2681 311 2765 μεγάλη
329 2686 435 2766 duale·
458 2679 556 2757 οὕτως
576 2680 758 2766 Ἡρωδιανός
775 2683 826 2746 καὶ
844 2686 988 2763 Δι’ᾰνρινς.
1031 2689 1077 2747 De
1093 2688 1246 2748 vocabulis

159 2789 277 2867 quidem
300 2810 372 2850 num
392 2796 474 2850 recte
492 2791 651 2852 statuerint
673 2807 815 2869 quaerere
830 2790 930 2861 mitto;
953 2791 984 2850 id
1005 2795 1105 2850 tamen
1123 2790 1247 2866 adparet

159 2909 208 2950 eos
230 2889 288 2970 ἐρι-
310 2891 467 2952 Aeolicum
489 2891 675 2952 existimasse
696 2911 750 2968 pro
773 2882 856 2968 ἆρι-,
879 2894 960 2971 quod
982 2893 1119 2971 equidem
1140 2890 1245 2972 utique

158 2994 354 3067 probaverim.
397 2993 475 3054 Sane
491 2993 592 3070 inepte
609 2995 642 3052 in
657 2995 689 3053 E.
708 2993 748 3052 M.
769 2999 835 3067 142,
856 2998 892 3053 15
908 2993 1116 3068 grammaticus
1134 2994 1169 3052 de
1184 2994 1245 3052 Do-

157 3094 217 3154 rica
236 3097 334 3157 forma
348 3104 476 3172 nugatus
497 3102 553 3156 est:
575 3085 682 3173 ἡπερὶ
697 3089 842 3172 πρόθεσις
862 3088 1027 3171 ὀξννομένη
1050 3093 1185 3172 σημαίνει
1207 3089 1242 3154 τό

155 3199 304 3275 περισσῶς
325 3192 376 3255 καὶ
393 3198 522 3278 Δωρικῷ
539 3194 604 3256 lesa
620 3193 755 3275 τρέπεται
777 3189 809 3258 td
834 3201 849 3256 ἓ
871 3195 912 3268 εἰς
935 3202 964 3272 d,
986 3190 1076 3273 ἡνίκα
1092 3193 1125 3258 dl
1140 3205 1244 3280 τραπῇ

158 3290 190 3357 nd
211 3303 226 3358 ἒ
249 3297 293 3369 εἰς
308 3304 339 3374 d,
361 3293 522 3376 ἀποβάλλει
542 3292 654 3359 τὸκατ’
672 3292 764 3378 νἰρχᾶς
782 3292 957 3375 σύμφωνον,
980 3292 1045 3360 οἷον
1062 3296 1147 3380 μέχρι
1161 3292 1242 3379 dxci·

154 3398 224 3480 «περὶ
254 3403 399 3480 Δωρικῶς
430 3394 480 3481 dol
509 3403 566 3480 (=
580 3394 720 3480 εὐχερῶς,
751 3399 880 3481 ἰσχυρῶς
910 3397 986 3482 ἄγων
1013 3405 1033 3464 l.
1051 3403 1119 3480 32),
1153 3407 1243 3481 atque

155 3521 186 3578 ρ.
203 3505 274 3578 374,
295 3510 349 3564 15:
379 3501 424 3582 ἐρὶ
448 3501 613 3582 ἐπίρρημα·
643 3498 726 3585 monol
753 3498 786 3566 τό
816 3504 899 3585 περί,Ι
930 3506 1080 3582 Stephano
1110 3521 1181 3566 vero
1211 3504 1245 3562 in

159 3603 243 3669 Thes.
259 3608 317 3668 111.
340 3627 369 3684 p.
387 3612 469 3666 2012
491 3603 536 3685 ἕρι
549 3609 705 3670 vocativus
720 3609 849 3668 nominis
864 3608 987 3668 alicuius
1002 3603 1064 3685 dunc
1077 3606 1143 3664 init
1186 3605 1244 3664 Ve-

158 3709 253 3768 terum
275 3709 328 3789 qui
348 3709 475 3770 diversis
496 3709 630 3772 dialectis
651 3712 784 3788 praefixa
807 3710 999 3770 vindicabant
1019 3709 1165 3768 inmemor
1185 3707 1245 3769 fuit

159 3807 357 3870 Buttmanuus
386 3811 439 3890 qui
464 3813 578 3888 primus
606 3812 687 3873 inter
715 3812 895 3871 recentiores
923 3812 956 3870 in
986 3830 1023 3869 ea
1052 3811 1246 3870 discernenda

162 3928 258 3972 euram
271 3913 411 3991 inpendit
423 3914 456 3972 in
471 3914 552 3973 lexil
570 3915 595 3972 I.
616 3934 645 3990 p.
662 3918 730 3987 138,
753 3915 876 3974 miratus
892 3913 1005 3973 scilieet
1017 3912 1051 3970 in
1064 3911 1153 3972 unias
1168 3911 1245 3972 eius-

163 4011 286 4095 demque
307 4015 426 4075 dialecti
451 4035 507 4074 usu
528 4035 599 4074 mox
621 4009 689 4090 νἰρι·
710 4035 782 4085 mox
804 4013 867 4093 ἐρι-
887 4016 987 4076 luisse
1033 4013 1099 4078 Qua
1119 4014 1245 4074 admira·

161 4113 241 4177 tione
267 4118 300 4176 in
327 4135 393 4178 cam
414 4117 592 4177 sententiam
614 4118 757 4176 abductus
785 4123 830 4178 est
855 4117 977 4178 voculas
1003 4116 1144 4176 radicitus
1173 4135 1192 4174 a
1212 4135 1243 4178 se

164 4215 268 4279 distare
275 4266 283 4294 ,
305 4224 340 4279 ut
361 4210 429 4298 ω’ρι-
450 4221 488 4279 ad
507 4219 629 4295 stirpem
652 4237 728 4296 quae
750 4220 830 4278 inest
848 4219 973 4278 vocibus
994 4212 1102 4297 ἀρείων
1125 4210 1245 4299 ῶριστος

162 4319 313 4398 relegaret,
336 4318 393 4399 ἒρι-
414 4326 512 4382 autem
528 4321 604 4380 nihil
618 4321 697 4380 aliud
713 4341 801 4400 quam
818 4313 904 4402 εὐρυ-
927 4341 990 4382 esse
1007 4323 1147 4396 crederet,
1170 4322 1244 4380 illud
