3092 5002
814 467 857 535 54

296 623 375 700 quod
392 625 541 683 servatum
559 629 604 683 eet
624 625 661 682 in·
674 624 736 682 cod.
754 623 830 684 Ven.
847 626 886 684 A.
908 627 1055 704 (Laroche
1071 647 1101 704 p.
1119 624 1202 700 354),
1223 625 1272 686 vel
1291 626 1384 702 vulgo

295 723 439 800 scriptum
460 720 576 804 συνεχές
597 725 789 801 relegendum
811 732 857 786 est
876 727 946 806 quia
964 728 1049 786 verbi
1072 723 1128 802 έχω
1151 727 1386 806 spirans‚·cuius

294 825 341 886 vie
363 819 440 904 apud
461 828 626 887 Homerum
649 847 710 886 non
731 834 886 906 torpuerat
908 829 920 907 (
941 876 949 888 .
968 827 994 907 5.
1016 835 1062 901 12,
1081 829 1129 906 2),
1158 829 1301 910 antiquo,
1320 851 1385 889 non

294 927 428 988 Aeolidis
450 929 570 1008 proprio
588 930 675 988 modo
691 931 941 990 adsimilatiouern
961 933 1011 993 vel
1026 931 1137 992 voculis
1157 933 1386 1009 productionem

295 1030 408 1102 effecit3
424 1033 469 1098 cf.
484 1037 638 1107 praeterea
652 1033 769 1092 Hertel.
785 1055 814 1111 p.
832 1039 903 1094 455.
921 1035 981 1092 457
986 1079 993 1094 .
1011 1066 1053 1078 -
1075 1034 1132 1092 Sed
1146 1054 1184 1093 ne
1197 1034 1230 1092 in
1247 1031 1388 1093 modiis

297 1133 416 1220 quidem
433 1134 557 1194 vocibus
587 1135 665 1193 hanc
695 1135 939 1194 consuetudinem
960 1135 1101 1195 Aeolicae
1128 1136 1247 1195 dialecti
1273 1136 1389 1195 finibus

297 1236 427 1294 coerceri
450 1236 559 1296 docent
585 1238 679 1296 verba
699 1232 801 1311 ἕννυμι
828 1257 883 1314 pro
910 1233 1012 1314 ἕσνυμι
1043 1237 1129 1314 (Ahr.
1144 1239 1170 1297 I.
1192 1259 1220 1316 p.
1239 1239 1291 1316 52)
1319 1257 1390 1313 κρε-

297 1328 427 1412 μάννυμι
441 1359 495 1415 pro
507 1333 691 1417 κρεμάσνυμι
706 1331 802 1411 βάλλω
814 1332 937 1414 ἅλλομαι
952 1338 1141 1414 ναυτίλλιμαι
1152 1336 1257 1398 στέλλω
1269 1331 1388 1412 ὀφέλλοι

299 1437 417 1517 (augeo)
434 1461 488 1518 pro
507 1433 601 1516 deiljoo
618 1447 673 1500 etc.
697 1441 736 1517 (v.
754 1444 834 1502 (luet.
852 1443 889 1500 de
908 1446 1033 1519 tempor.
1053 1447 1083 1501 et
1095 1443 1174 1500 mod.
1193 1462 1222 1518 p.
1239 1443 1301 1522 98),
1323 1444 1390 1501 for-

298 1545 378 1600 tasse
399 1538 477 1620 dopo
497 1543 531 1603 iu
548 1562 605 1622 quo
623 1544 694 1622 quid
710 1544 767 1603 eibi
782 1544 857 1604 velit
872 1544 983 1620 duplex
999 1564 1016 1618 ρ
1033 1544 1205 1618 ambiguum
1227 1547 1273 1602 eet
1290 1543 1385 1622 (Gurt

301 1643 336 1702 de
358 1645 440 1703 verb.
463 1667 492 1722 p.
508 1647 592 1723 207),
615 1649 646 1704 et
667 1666 697 1704 n.
715 1667 743 1723 p.
762 1647 881 1723 Βορρᾶς
902 1666 956 1724 pro
974 1647 1077 1706 lonico
1093 1641 1206 1723 Βορέης
1227 1645 1260 1722 (i.
1275 1647 1306 1703 h.
1323 1647 1387 1723 pri-

300 1745 379 1804 stino
395 1738 507 1822 dejog
526 1753 562 1807 ut
579 1749 697 1808 Curtius
713 1769 743 1825 p.
760 1753 829 1807 325.
848 1753 908 1806 555
925 1748 1075 1826 coniecit).
1117 1740 1247 1820 Ὀφέλλω
1267 1748 1389 1825 quidem

303 1849 384 1926 quod
397 1847 547 1924 siguificat
560 1846 690 1923 „debeo”
703 1856 734 1910 et
748 1847 823 1928 έρρω
835 1851 1020 1925 grammatici
1031 1852 1069 1909 ud
1077 1849 1232 1909 Aeolidem
1245 1867 1389 1909 revocare

300 1951 397 2010 moliti
420 1958 502 2023 suut3
524 1954 582 2011 hcc
602 1953 696 2027 igitur
715 1952 929 2028 grammaticnh'
951 1971 1076 2033 quorum
1098 1951 1262 2011 doctrinam
1279 1953 1389 2010 Eusta-

299 2054 382 2112 thius
403 2077 432 2132 p.
455 2060 544 2128 1648,
567 2060 604 2114 12
629 2055 712 2132 (756,
731 2061 771 2114 32
795 2057 892 2114 adfert
907 2056 1027 2114 Ahreue
1044 2055 1069 2114 I.
1093 2075 1121 2131 p.
1141 2059 1190 2114 53.
1213 2075 1243 2113 n.
1261 2055 1312 2132 11)
1335 2057 1389 2114 ud-

299 2156 401 2234 ripuit,
415 2157 572 2217 Aeolicum
583 2179 637 2235 pro
653 2155 732 2235 ελρω,
749 2157 889 2217 nimirum
901 2157 1024 2216 Aeolica
1035 2157 1190 2233 aphaeresi
1200 2176 1255 2233 pro
1267 2154 1389 2229 φθείρω

301 2278 365 2317 ecee
376 2258 510 2338 ineptius
526 2265 700 2333 statuerant,
724 2261 831 2339 quibus
843 2260 1032 2318 Herodianus
1047 2259 1171 2320 verbum
1185 2258 1307 2316 unicum
1322 2277 1390 2316 eeee

299 2366 407 2421 notans
424 2363 597 2424 adversatus
620 2367 665 2422 eet
683 2383 714 2420 π.
732 2365 804 2420 καθ.
821 2381 871 2438 πρ.
890 2362 915 2420 Ι.
937 2383 968 2439 p.
984 2357 1077 2442 452]ss
1101 2359 1141 2437 (v.
1160 2379 1191 2418 π.
1209 2351 1314 2436 porcio.
1332 2357 1388 2431 λέξ.

301 2463 335 2521 B.
351 2470 401 2535 43,
421 2470 469 2525 10.
491 2466 533 2524 11.
552 2487 580 2542 p.
600 2461 721 2544 948)9);
744 2462 825 2541 εἰίιερ
845 2449 900 2522 οὖν
917 2455 1067 2535 Αλολικόι·,
1091 2457 1227 2536 ζητητέον
1247 2459 1276 2518 τί
1291 2455 1389 2520 αὐτοῦ

300 2551 338 2639 ἦν
359 2558 479 2637 κοινόν,
509 2560 546 2625 οὐ
568 2559 625 2644 yolo
647 2558 720 2624 αότό
742 2557 775 2624 vd
799 2564 917 2643 φθείρω
945 2555 986 2633 cic
1007 2561 1121 2623 οέονιωλ
1141 2582 1224 2631 τινες.
1247 2597 1289 2608 --
1326 2566 1387 2624 Pro

300 2665 419 2740 vulgari
439 2672 539 2728 autem
560 2651 670 2742 ὀφείλω
693 2670 780 2747 quod,
803 2689 865 2726 non
887 2687 943 2744 per
962 2665 1139 2743 epenthesin
1160 2665 1279 2725 litterae
1292 2665 1314 2740 j
1335 2667 1390 2724 sed

300 2789 356 2846 per
375 2770 600 2847 productionem
620 2769 831 2848 suppletorium
850 2773 956 2841 ortum,
978 2767 1126 2846 posterior
1146 2787 1217 2826 neue
1238 2767 1387 2841 adhibuit,

303 2875 337 2930 ut
360 2890 435 2950 quae
452 2872 547 2932 curtii
571 2872 720 2932 sententia
741 2876 786 2931 eet
807 2893 837 2948 p.
854 2876 924 2942 630,
946 2889 965 2928 a
982 2871 1074 2931 verbo
1090 2870 1251 2949 aequisono
1271 2863 1389 2942 ὀφέλλω

303 2973 421 3052 (augeo)
444 2980 545 3054 posset
566 2975 709 3050 distingui
732 2973 780 3051 (cf.
797 2974 957 3046 Bmgman.
976 2994 1005 3050 p.
1023 2975 1093 3031 121.
1111 2973 1193 3050 126),
1216 2971 1394 3049 saepissime

302 3076 335 3134 iu
344 3077 514 3138 Homericis
531 3077 710 3138 carminibus
725 3075 835 3150 legitur
846 3074 999 3154 antiquior
1014 3079 1046 3133 et
1057 3074 1136 3133 iusta
1148 3075 1245 3133 forma
1256 3067 1387 3146 ὀφέλλωε

304 3171 596 3254 χρεῖος-ὀφέλλεται
607 3201 631 3258 γ.
641 3180 712 3239 367.
724 3167 869 3257 μοιχάγρι’
878 3170 994 3249 ὀφέλλει
1003 3179 1036 3235 θ.
1046 3181 1116 3235 332.
1129 3166 1245 3254 ζωάγρι’
1256 3168 1390 3249 ὀφέλλεις

303 3283 337 3338 θ.
354 3287 426 3340 462.
449 3281 493 3357 (in
514 3283 575 3341 fine
593 3301 696 3342 verene
711 3281 771 3360 bis)
792 3282 897 3358 χρεῖος,
918 3270 953 3337 cd
968 3313 1012 3325 --
1026 3269 1146 3349 ὀφελλεν
1168 3298 1200 3352 φ.
1220 3277 1256 3362 ¹.⁷
1281 3283 1312 3336 et
1332 3279 1388 3336 im-

303 3384 467 3460 perfectum
482 3376 602 3456 ὀφελλεν
616 3384 671 3462 (==
682 3385 819 3462 debebat)
833 3384 872 3443 A.
886 3387 955 3442 353.
973 3373 1108 3453 ὀφέλλετε
1128 3381 1160 3438 T.
1173 3385 1245 3438 200.
1263 3371 1390 3454 ὀφελλον

303 3490 336 3546 θ.
348 3491 418 3546 312.
438 3477 570 3558 ὤφελλον
585 3485 620 3544 Z.
633 3491 703 3547 350.
724 3477 817 3554 ω’ς-
831 3475 963 3557 ὤφελλον
979 3481 1020 3542 Ω,
1036 3482 1107 3543 764.
1130 3473 1257 3555 ὤφελλες
1274 3479 1301 3541 d.
1314 3481 1388 3540 472.

304 3582 367 3647 cte’
391 3579 516 3662 ὤφελλες
536 3583 569 3652 Ξ.
587 3593 635 3647 ec.
659 3580 768 3661 ὤφελλε
784 3587 820 3645 Σ.
840 3591 888 3644 19.
912 3586 943 3644 Ρ.
963 3590 1034 3644 ccc.
1056 3576 1122 3642 αλλ’
1145 3575 1250 3657 ὤφελλ’
1273 3599 1298 3643 ι.
1314 3587 1386 3642 401.

305 3683 346 3760 ὥς
364 3683 468 3764 ὤφελλ’
486 3691 527 3751 Η.
542 3696 612 3750 ceo.
631 3687 655 3760 ξ.
673 3695 721 3750 ee.
744 3679 786 3756 λῖς
807 3680 918 3760 ὤφελλε
936 3687 976 3746 X.
991 3692 1062 3759 481,
1088 3686 1137 3764 (ιι
1154 3687 1265 3745 Bucm.
1283 3703 1330 3759 gr.
1345 3685 1388 3742 Iu
1413 3760 1418 3770 .

303 3816 331 3872 p.
350 3797 421 3854 acl.
449 3791 604 3852 naccinae.
622 3811 665 3865 gr.
685 3791 711 3868 ς.
727 3795 798 3853 245.
819 3792 845 3850 1.
867 3811 897 3866 p.
912 3795 983 3849 cae.
1011 3791 1042 3848 c.
1060 3771 1094 3848 F.
1112 3787 1214 3846 Amaia
1227 3787 1261 3846 in
1278 3805 1347 3864 epp.
1361 3785 1388 3846 Ι.

306 3917 335 3974 p.
353 3902 392 3954 39
412 3896 449 3954 ad
469 3916 495 3974 y.
513 3893 588 3971 367)
608 3893 694 3952 iuxta
710 3893 852 3953 conatum
874 3883 983 3966 ὄφελον
1001 3882 1117 3964 ἄφιλον
1134 3893 1189 3949 etc
1211 3889 1261 3966 (cf.
1278 3889 1389 3966 impor-

303 3999 414 4058 fectum
436 3989 552 4071 ὀφιιλεν
573 4015 620 4073 ep.
637 3993 759 4054 Hesiod.
776 4013 796 4053 ε.
816 3992 898 4070 174).
941 3992 1108 4052 Scholiasta
1122 3990 1262 4052 videlicet
1278 3991 1342 4050 cod.
1357 3992 1389 4047 Α

306 4102 343 4160 ud
354 4103 393 4158 Α.
406 4099 651 4178 353adecripoit:
675 4089 810 4171 ὀφελλεν·
827 4087 943 4170 ὀφειλεν
953 4092 1103 4162 Αἰολικιῖς
1116 4083 1156 4160 cir
1170 4094 1262 4180 χεῖρες
1272 4087 1389 4170 perper,-

306 4201 395 4261 etiam
410 4201 556 4261 Matthiae
571 4223 601 4280 p.
618 4207 680 4260 680
697 4201 733 4258 de
746 4199 871 4259 Aeolica
882 4195 1125 4277 pronuntiatione
1141 4194 1284 4269 cogitavit
1298 4199 1389 4274 atque

306 4303 429 4378 ognovit
449 4303 631 4364 Aeoliemum
652 4301 833 4364 Ribbeckiue
854 4300 887 4360 in
904 4299 1006 4361 Ichnii
1025 4318 1094 4358 ann.
1117 4318 1146 4359 r.
1164 4302 1215 4356 56.
1236 4317 1265 4373 p.
1286 4301 1319 4355 11
1344 4295 1388 4354 1-
