3114 4994
804 433 865 500 128

290 592 323 670 b)
346 609 422 670 quae
442 590 660 666 coniugationia
688 590 820 650 vocalem
842 611 862 648 α
888 589 922 648 in
944 607 958 648 ε
978 591 1121 648 mutatam
1147 589 1307 665 praebant:
1335 589 1376 666 (.

291 694 372 754 curt.
388 694 424 751 de
439 693 521 752 verb.
537 712 566 769 p.
579 692 663 769 356.)
678 684 888 770 πριςιυοήιην
898 693 938 749 Λ.
951 696 1020 750 199.
1037 690 1137 756 1199.
1154 681 1244 768 (αὔοι
1259 685 1292 754 Ξ.
1308 695 1377 750 ιοι.

291 795 326 853 Σ.
339 799 411 852 ινο.
427 812 449 852 ι.
463 799 511 851 99.
535 785 731 872 προςαυοάτω
748 814 775 852 0.
789 799 861 852 ιιο.
880 785 989 864 recita
1003 794 1043 850 Α.
1055 797 1125 850 coa.
1145 792 1183 850 11.
1199 798 1247 851 19.
1264 793 1300 850 Σ.
1315 793 1379 870 14.)

290 890 419 972 συλήτην
439 896 478 953 N.
495 900 566 953 202.
597 887 683 972 (σύλα
703 897 740 955 Δ.
759 894 841 972 116.)
874 887 1059 971 συναντήτην
1079 898 1198 954 π.’333.
1233 888 1379 970 φοιτήτην

290 1000 337 1058 Μ.
351 1004 422 1058 266.
446 990 614 1072 φοιτήσασα
630 1019 657 1054 ο.
674 1002 703 1055 6.
725 997 830 1080 (φοιτᾷ
846 997 887 1056 Ω.
904 1003 975 1058 533.
1001 996 1090 1070 φοίτα
1107 997 1139 1054 Γ.
1156 1001 1228 1055 449.
1252 997 1289 1054 Ε.
1305 1001 1377 1056 595.

291 1103 317 1162 J.
340 1107 385 1161 10.
409 1101 448 1158 Ν.
467 1101 536 1158 760.
562 1099 596 1158 Ο.
613 1104 684 1158 686.
706 1101 731 1157 λ.
749 1105 820 1158 588.
848 1099 963 1173 φοίτων
980 1101 1013 1158 Β.
1031 1100 1102 1158 779.
1123 1119 1150 1156 κ.
1169 1103 1239 1157 119.
1263 1095 1288 1168 ξ.
1306 1103 1380 1158 355.

291 1203 435 1274 φοιτῶντε
453 1197 485 1265 Ξ.
504 1206 576 1270 296.
599 1193 727 1272 φοιτῶσ’
744 1199 771 1277 β.
791 1203 873 1280 182.)
902 1194 1045 1282 ἆρήμεναι
1068 1221 1093 1276 χ.
1109 1199 1231 1277 32241)
1260 1192 1380 1278 (ἀμᾶται

291 1305 472 1380 Laoc-N.
490 1307 561 1362 286.
597 1304 636 1362 Ψ.
654 1307 724 1361 209.
755 1324 780 1362 τ.
799 1305 883 1380 533.)
914 1299 1057 1383 γοήμεναι
1078 1297 1111 1368 Ξ.
1125 1307 1196 1361 502.
1225 1294 1381 1380 (γοάοιμεν

292 1406 332 1466 Ω.
345 1413 417 1465 664.
438 1399 585 1484 γοάασκεν
602 1408 635 1462 θ.
650 1410 700 1463 92.
723 1401 842 1484 γοιίοιεν
860 1427 893 1465 οι.
908 1412 967 1465 189
983 1407 1052 1485 etc.)
1074 1398 1245 1480 πεινήμεναι
1260 1425 1289 1462 υ.
1310 1407 1380 1463 137.

291 1498 437 1587 (πεινάων
451 1508 485 1565 Γ.
497 1512 547 1566 25.
563 1501 852 1568 cruciformibus.
867 1509 904 1568 Σ.
923 1509 1005 1586 162.)
1021 1501 1167 1584 ὀνήμενος
1178 1505 1206 1583 β.
1220 1511 1269 1564 33.
1285 1499 1380 1582 ὄνησο
1414 1577 1417 1582 ¹
1537 1511 1538 1534 i

291 1633 316 1672 τ.
334 1616 383 1670 68.
406 1602 592 1686 ἀπονήμενος
611 1629 643 1666 οι.
658 1613 707 1666 30.
729 1601 862 1686 ἆπιίνητο
878 1611 910 1671 Ρ.
924 1615 974 1670 25.
997 1613 1022 1669 λ.
1037 1616 1109 1669 324.
1125 1630 1156 1668 π.
1172 1613 1241 1668 120.
1265 1629 1292 1686 ρ.
1307 1613 1379 1666 293.

291 1706 382 1792 ὅρηαι
403 1711 428 1782 ξ.
445 1717 515 1770 949.
547 1701 663 1789 (ὁρᾶται
681 1708 722 1767 ιι.
740 1716 811 1770 991.
843 1702 933 1790 ὁρᾶτο
949 1714 1055 1772 ατο.
1075 1717 1144 1772 199.
1175 1710 1213 1770 ο.
1232 1715 1293 1769 990
1309 1710 1380 1785 etc.)

292 1811 458 1891 ἐμπίπληθι
474 1812 512 1871 Φ.
527 1817 598 1872 311.
624 1809 710 1888 ἵληθι
723 1835 749 1891 γ.
763 1818 833 1872 380.
856 1834 886 1872 π.
903 1820 970 1873 184.
987 1815 1102 1893 (hymn.
1113 1813 1185 1873 XX.
1202 1817 1230 1873 8ι
1247 1804 1382 1871 ἱλάονται

292 1917 327 1976 Β.
345 1915 428 1993 550.)
459 1915 487 1993 o)
509 1935 585 1996 quae
607 1917 740 1976 vocalem
762 1936 778 1974 ο
801 1937 821 1974 α
842 1937 861 1974 υ
882 1918 1012 1977 1ιο1ιοιιίτ
1033 1909 1096 1974 σάοι
1116 1915 1234 1993 imperf.
1252 1915 1290 1971 Π.
1306 1919 1379 1975 363.

294 2020 332 2078 Φ.
349 2023 420 2077 238.
443 2015 506 2077 σοίιο
527 2017 630 2094 imper.
652 2018 700 2076 bia
720 2038 747 2075 ν.
763 2024 834 2077 230.
858 2039 884 2096 ρ.
902 2024 971 2108 895.
995 2037 1111 2095 semper
1130 2019 1164 2076 in
1186 2018 1288 2076 eadam
1310 2017 1380 2076 sede

291 2122 393 2201 (etiam
414 2122 516 2199 hymn.
538 2119 571 2178 in
586 2121 684 2180 Gerar.
699 2119 788 2178 XIH.
805 2126 834 2180 3.
866 2120 1030 2180 Hermann.
1052 2125 1084 2180 et
1098 2119 1289 2180 Baumeister.
1312 2139 1381 2178 cum

290 2225 412 2284 Barnea.
433 2222 465 2281 id
479 2241 534 2299 pro
548 2222 693 2281 librorum
707 2216 783 2281 σιίου
796 2224 986 2301 receperunt)
1011 2220 1122 2282 δίδωθι
1136 2243 1163 2300 γ.
1178 2227 1248 2281 380.
1273 2193 1383 2298 ἔμεναι

294 2325 332 2383 Φ.
346 2327 395 2383 70.
417 2314 586 2402 ζευγνύμεν
611 2323 649 2380 Π.
666 2328 734 2381 148.
778 2325 836 2384 Sed
852 2327 888 2384 dc
904 2326 951 2384 hia
964 2324 1123 2402 postremis
1140 2323 1269 2401 primum
1284 2343 1382 2401 pauca

292 2428 456 2499 adnotabo,
484 2425 537 2485 ubi
566 2425 695 2486 dubitari
723 2446 783 2486 non
814 2432 913 2504 poteat
941 2428 1015 2505 quin
1044 2426 1178 2486 condicio
1209 2426 1312 2485 eadam
1341 2424 1383 2486 ait

292 2535 382 2610 atque
404 2529 438 2586 in
450 2527 552 2590 verbis
566 2527 599 2586 in
614 2546 635 2587 ε.
678 2527 761 2588 Siout
781 2529 874 2605 igitur
888 2522 1047 2603 καλήμεναι
1064 2512 1161 2587 ortum
1182 2533 1228 2587 eat
1245 2547 1261 2587 a
1276 2528 1382 2604 primi-

295 2631 383 2708 genio
405 2629 601 2704 καλεγέμεναι,
632 2629 674 2689 sic
702 2621 806 2704 ἔμεναι
833 2652 888 2708 pro
916 2621 1105 2708 τί(ίι’)ιάμενα·ι
1131 2631 1181 2706 (cf.
1198 2622 1287 2689 darm
1306 2635 1381 2690 aeut.

294 2733 385 2793 Herc.
406 2734 475 2790 101.
504 2750 558 2807 pro
585 2721 699 2789 ἇδάται
714 2758 757 2782 a
772 2725 855 2791 ἅεται
874 2754 903 2795 ν.
926 2732 1034 2792 Goettl.
1057 2733 1123 2791 adn.
1146 2733 1182 2792 da
1203 2751 1262 2792 acc.
1284 2752 1314 2808 p.
1332 2737 1381 2791 99.

295 2834 426 2895 Lobeck.
443 2834 479 2891 ad
492 2833 602 2892 Buttm.
614 2833 654 2892 II.
670 2853 699 2909 p.
712 2838 761 2891 93.
781 2834 888 2894 Ohriat
901 2854 930 2911 p.
944 2836 1028 2913 265.)
1052 2835 1101 2914 (cf.
1115 2824 1260 2909 εἱσάμενος
1271 2835 1345 2894 Ahr.
1356 2835 1382 2892 I.

296 2956 326 3013 p.
348 2933 419 3012 145)
448 2939 539 3014 atque
566 2926 757 3013 ζευγνύμεναι
783 2955 838 3012 pro
867 2937 1095 3015 ζεογνυ-γέμεναι
1118 2941 1297 3013 prognatum
1318 2956 1383 2996 asae

298 3037 387 3098 etad
414 3037 583 3112 praesentia
609 3025 662 3112 ἆμι
689 3043 720 3096 et
741 3031 878 3117 ζεύγνῦμι
903 3039 1090 3098 referendum
1112 3056 1217 3098 censeo
1243 3035 1281 3116 (S.
1296 3040 1324 3098 7.
1341 3039 1383 3116 3).

297 3137 399 3198 Simile
415 3137 465 3196 vel
479 3157 533 3214 par
549 3143 594 3198 eat
608 3138 790 3198 Hesiodeum
811 3131 962 3218 ἀρώμεναι
978 3160 1031 3217 pro
1048 3132 1281 3218 οίρο(ί’)γόμεναι,
1302 3142 1383 3221 quod

297 3240 495 3317 adpraesens
517 3231 614 3317 dctopt
634 3242 720 3314 redit,
742 3236 934 3321 nequeenim,
957 3244 1036 3322 quod
1058 3262 1074 3302 a
1096 3244 1187 3303 verbo
1205 3235 1286 3301 σαόα
1303 3244 1384 3318 apud

297 3343 460 3402 Homerum
475 3341 666 3402 usitatissimo
682 3345 722 3423 (v.
734 3344 858 3402 Laroch.
873 3364 902 3421 p.
915 3344 990 3420 310)
1005 3345 1106 3403 audire
1121 3346 1248 3405 debebat
1261 3338 1385 3404 odos:

296 3507 496 3574 περισπωμένως
511 3507 540 3564 τὰ
559 3511 684 3564 διδοῦσιν·
701 3509 730 3564 τὸ
748 3508 797 3578 γὰρ
816 3511 888 3578 ῥῆμα
899 3512 963 3566 διδῶ
981 3515 1054 3562 νεεδ
1072 3530 1095 3564 α.
1109 3516 1172 3570 313:
1190 3507 1244 3566 οἶδε
1261 3510 1291 3566 δὲ
1302 3505 1383 3565 edred

297 3593 344 3660 τήν
364 3593 446 3647 κλίσιν
469 3589 485 3647 o‘
509 3593 616 3661 ποιητής
633 3600 684 3646 soil.
703 3600 782 3654 διδοῖς
799 3603 865 3659 otc).
899 3599 1018 3646 Inmerito
1038 3601 1113 3659 igitur
1131 3598 1294 3660 Goettlingiua
1305 3599 1384 3648 ,Βαιτ-

297 3695 388 3729 manno
406 3682 551 3731 adversatus
568 3688 606 3731 cst
629 3685 659 3731 de
677 3698 726 3731 aec.
746 3699 770 3744 p.
784 3686 816 3733 33
839 3690 865 3731 et
881 3684 944 3730 male
967 3685 999 3732 ad
1015 3685 1075 3732 Hos.
1093 3685 1109 3731 l.
1127 3675 1196 3734 ἄεισι
1219 3699 1264 3746 pro
1288 3676 1384 3736 αἐ·εντι

298 3767 381 3814 fiotum
398 3781 452 3814 csse
464 3769 566 3830 negavit
577 3769 650 3816 simul
661 3770 798 3829 suspicatus
811 3761 880 3818 ἄεισι
896 3783 942 3829 pro
959 3760 1023 3832 ἄησι
1034 3783 1089 3817 asae
1100 3769 1227 3817 Aeolicum
1244 3772 1291 3830 (sc.
1302 3770 1383 3816 Boac-

297 3853 383 3913 ticum)
401 3856 426 3900 et
442 3853 474 3900 ad
491 3855 591 3901 ochema
606 3855 763 3902 Pindaricum
780 3855 904 3912 referens,
921 3869 948 3900 ν.
966 3854 997 3901 de
1014 3867 1063 3901 acc.
1081 3869 1106 3914 p.
1118 3855 1157 3901 75.

367 3935 411 4000 ιι)
428 3939 583 3986 coactivum
595 3929 722 4002 ἀρημενος
734 3935 834 3988 2199.
855 3938 907 3998 αἰ.
928 3940 1015 3988 ιιοι.
1034 3941 1054 3988 ι.
1066 3942 1121 3988 199.
1140 3952 1163 3987 σ.
1177 3940 1217 3987 ιο.
1230 3939 1270 3985 91.
1289 3938 1318 3999 ψ.
1332 3939 1382 3986 999

254 4073 255 4080 ,
299 4022 365 4083 quod
381 4024 524 4084 plerumque
542 4039 598 4071 cum
615 4014 726 4088 ἄράομοιι
742 4025 888 4099 componitur
905 4023 940 4089 (v.
952 4024 1055 4072 Paaaov.
1069 4025 1106 4085 1.),
1123 4024 1149 4072 in
1168 4010 1251 4072 ochoi.
1260 4023 1290 4070 P.
1302 4024 1333 4070 V.
1350 4024 1384 4072 ad

299 4108 320 4158 λ.
336 4110 392 4158 136.
408 4105 589 4174 βεβλαμμένυς,
606 4110 632 4156 in
644 4109 722 4157 schol.
734 4109 763 4156 B.
777 4102 948 4174 βλαπτόμενος
959 4109 1100 4170 explicitum
1111 4114 1136 4158 ct
1147 4109 1179 4156 ab
1189 4109 1259 4156 Euat.
1270 4123 1295 4169 p.
1307 4109 1383 4166 1838,

302 4194 333 4240 15
351 4198 464 4242 accentus
481 4207 557 4242 causa
567 4208 623 4242 cum
634 4186 798 4260 ἀκαχήμενος
809 4195 932 4242 conlatum
949 4195 984 4258 (v.
995 4195 1099 4242 Imroch.
1117 4209 1142 4256 p.
1157 4193 1215 4259 183)
1227 4199 1310 4242 utrum
1320 4194 1384 4242 olim

299 4278 449 4337 perfectior
467 4281 604 4339 praesentia
620 4285 647 4328 at
663 4269 814 4342 ἀλιτήμονος
830 4280 986 4342 participium
1004 4281 1076 4332 faerit
1094 4280 1223 4330 obscurum
1241 4284 1285 4328 ast
